match_id,season,HTF,HP1N,HP1P,HP2N,HP2P,HP3N,HP3P,HP4N,HP4P,HP5N,HP5P,HP6N,HP6P,HP7N,HP7P,HP8N,HP8P,HP9N,HP9P,HP10N,HP10P,HP11N,HP11P,ATF,AP1N,AP1P,AP2N,AP2P,AP3N,AP3P,AP4N,AP4P,AP5N,AP5P,AP6N,AP6P,AP7N,AP7P,AP8N,AP8P,AP9N,AP9P,AP10N,AP10P,AP11N,AP11P
1690803,20200307,NaN,1,G,48,F,5,D,14,M,31,M,32,D,27,M,4,F,20,D,3,D,7,F,NaN,1,G,19,D,4,D,9,F,27,D,29,M,8,M,10,M,5,D,15,M,33,F
1690807,20200307,NaN,27,G,26,D,19,F,14,M,13,D,45,D,43,D,20,F,23,M,7,M,5,M,NaN,1,G,5,M,11,F,3,D,49,F,6,M,22,D,33,D,8,M,24,D,25,M
1710092,20200308,NaN,33,G,27,F,28,M,15,M,44,M,20,M,4,D,37,D,3,D,7,M,6,D,NaN,1,G,29,M,14,F,31,D,45,F,6,D,10,M,5,D,41,M,8,M,20,D
1710097,20200308,NaN,31,G,14,D,7,M,8,M,33,D,39,D,20,M,9,F,37,M,4,M,11,M,NaN,39,G,11,F,10,F,5,D,16,M,14,F,22,M,7,M,30,F,6,M,20,M
1710103,20200308,NaN,22,G,7,M,32,M,8,M,27,F,18,F,4,M,3,D,11,F,5,D,29,D,NaN,1,G,3,D,34,D,44,F,25,F,10,F,23,D,4,D,15,M,2,M,16,F
1710108,20200308,NaN,1,G,9,F,18,M,23,D,29,M,19,D,6,M,2,D,8,M,25,M,10,M,NaN,21,G,25,M,15,D,5,M,6,M,17,M,20,F,10,M,2,D,16,D,22,D
1710113,20200308,NaN,17,G,4,D,28,M,7,M,27,M,50,D,10,M,13,D,14,F,20,D,19,F,NaN,1,G,11,F,6,M,8,M,10,M,41,M,5,M,2,D,19,M,4,D,13,D
1710118,20200308,NaN,25,G,38,D,6,D,5,D,23,M,4,D,18,M,2,M,8,D,13,F,16,M,NaN,21,G,27,D,8,M,37,F,5,D,9,F,17,F,18,M,33,D,13,D,15,D
1710124,20200308,NaN,44,G,9,F,26,D,28,M,6,M,19,D,7,M,5,D,16,F,14,M,15,F,NaN,18,G,2,M,15,D,33,F,41,M,30,M,16,F,28,M,4,M,6,D,22,F
1942689,20200313,NaN,18,G,2,M,15,D,33,F,41,M,30,M,16,F,28,M,4,M,6,D,22,F,NaN,22,G,7,M,32,M,8,M,27,F,18,F,4,M,3,D,11,F,5,D,29,D
1943721,20200314,NaN,27,G,26,D,19,F,14,M,13,D,45,D,43,D,20,F,23,M,7,M,5,M,NaN,1,G,48,F,5,D,14,M,31,M,32,D,27,M,4,F,20,D,3,D,7,F
1943722,20200314,NaN,1,G,3,D,34,D,44,F,25,F,10,F,23,D,4,D,15,M,2,M,16,F,NaN,31,G,14,D,7,M,8,M,33,D,39,D,20,M,9,F,37,M,4,M,11,M
1943723,20200314,NaN,1,G,29,M,14,F,31,D,45,F,6,D,10,M,5,D,41,M,8,M,20,D,NaN,17,G,4,D,28,M,7,M,27,M,50,D,10,M,13,D,14,F,20,D,19,F
1943724,20200314,NaN,21,G,27,D,8,M,37,F,5,D,9,F,17,F,18,M,33,D,13,D,15,D,NaN,1,G,11,F,6,M,8,M,10,M,41,M,5,M,2,D,19,M,4,D,13,D
1943725,20200314,NaN,21,G,25,M,15,D,5,M,6,M,17,M,20,F,10,M,2,D,16,D,22,D,NaN,33,G,27,F,28,M,15,M,44,M,20,M,4,D,37,D,3,D,7,M,6,D
1943726,20200314,NaN,1,G,19,D,4,D,9,F,27,D,29,M,8,M,10,M,5,D,15,M,33,F,NaN,1,G,9,F,18,M,23,D,29,M,19,D,6,M,2,D,8,M,25,M,10,M
1943727,20200314,NaN,1,G,5,M,11,F,3,D,49,F,6,M,22,D,33,D,8,M,24,D,25,M,NaN,25,G,38,D,6,D,5,D,23,M,4,D,18,M,2,M,8,D,13,F,16,M
1943728,20200314,NaN,39,G,11,F,10,F,5,D,16,M,14,F,22,M,7,M,30,F,6,M,20,M,NaN,44,G,9,F,26,D,28,M,6,M,19,D,7,M,5,D,16,F,14,M,15,F
2776405,20200318,NaN,33,G,27,F,28,M,15,M,44,M,20,M,4,D,37,D,3,D,7,M,6,D,NaN,1,G,9,F,18,M,23,D,29,M,19,D,6,M,2,D,8,M,25,M,10,M
2776406,20200318,NaN,31,G,14,D,7,M,8,M,33,D,39,D,20,M,9,F,37,M,4,M,11,M,NaN,18,G,2,M,15,D,33,F,41,M,30,M,16,F,28,M,4,M,6,D,22,F
2776407,20200318,NaN,1,G,11,F,6,M,8,M,10,M,41,M,5,M,2,D,19,M,4,D,13,D,NaN,21,G,25,M,15,D,5,M,6,M,17,M,20,F,10,M,2,D,16,D,22,D
2776408,20200318,NaN,22,G,7,M,32,M,8,M,27,F,18,F,4,M,3,D,11,F,5,D,29,D,NaN,1,G,19,D,4,D,9,F,27,D,29,M,8,M,10,M,5,D,15,M,33,F
2776409,20200318,NaN,39,G,11,F,10,F,5,D,16,M,14,F,22,M,7,M,30,F,6,M,20,M,NaN,21,G,27,D,8,M,37,F,5,D,9,F,17,F,18,M,33,D,13,D,15,D
2776410,20200318,NaN,25,G,38,D,6,D,5,D,23,M,4,D,18,M,2,M,8,D,13,F,16,M,NaN,1,G,48,F,5,D,14,M,31,M,32,D,27,M,4,F,20,D,3,D,7,F
2776411,20200318,NaN,1,G,5,M,11,F,3,D,49,F,6,M,22,D,33,D,8,M,24,D,25,M,NaN,17,G,4,D,28,M,7,M,27,M,50,D,10,M,13,D,14,F,20,D,19,F
2776412,20200318,NaN,1,G,29,M,14,F,31,D,45,F,6,D,10,M,5,D,41,M,8,M,20,D,NaN,27,G,26,D,19,F,14,M,13,D,45,D,43,D,20,F,23,M,7,M,5,M
2776413,20200318,NaN,44,G,9,F,26,D,28,M,6,M,19,D,7,M,5,D,16,F,14,M,15,F,NaN,1,G,3,D,34,D,44,F,25,F,10,F,23,D,4,D,15,M,2,M,16,F
3053305,20200322,NaN,1,G,48,F,5,D,14,M,31,M,32,D,27,M,4,F,20,D,3,D,7,F,NaN,1,G,5,M,11,F,3,D,49,F,6,M,22,D,33,D,8,M,24,D,25,M
3053309,20200322,NaN,27,G,26,D,19,F,14,M,13,D,45,D,43,D,20,F,23,M,7,M,5,M,NaN,22,G,7,M,32,M,8,M,27,F,18,F,4,M,3,D,11,F,5,D,29,D
3053313,20200322,NaN,31,G,14,D,7,M,8,M,33,D,39,D,20,M,9,F,37,M,4,M,11,M,NaN,25,G,38,D,6,D,5,D,23,M,4,D,18,M,2,M,8,D,13,F,16,M
3053317,20200322,NaN,1,G,3,D,34,D,44,F,25,F,10,F,23,D,4,D,15,M,2,M,16,F,NaN,1,G,29,M,14,F,31,D,45,F,6,D,10,M,5,D,41,M,8,M,20,D
3053321,20200322,NaN,18,G,2,M,15,D,33,F,41,M,30,M,16,F,28,M,4,M,6,D,22,F,NaN,1,G,19,D,4,D,9,F,27,D,29,M,8,M,10,M,5,D,15,M,33,F
3053325,20200322,NaN,1,G,9,F,18,M,23,D,29,M,19,D,6,M,2,D,8,M,25,M,10,M,NaN,21,G,27,D,8,M,37,F,5,D,9,F,17,F,18,M,33,D,13,D,15,D
3053329,20200322,NaN,21,G,25,M,15,D,6,M,17,M,20,F,8,F,2,D,16,D,22,D,3,D,NaN,39,G,10,F,2,D,16,M,23,F,14,F,22,M,18,D,7,M,17,M,20,M
3053333,20200322,NaN,17,G,4,D,28,M,33,M,7,M,27,M,50,D,10,M,13,D,14,F,25,D,NaN,33,G,27,F,28,M,15,M,44,M,4,D,45,M,37,D,49,D,9,F,32,D
3053337,20200322,NaN,1,G,11,F,30,F,6,M,8,M,41,M,5,M,25,M,7,D,4,D,13,D,NaN,44,G,4,D,26,D,28,M,37,M,19,D,7,M,40,M,16,F,3,D,30,M
4777393,20200403,NaN,33,G,27,F,28,M,15,M,44,M,4,D,45,M,37,D,49,D,9,F,32,D,NaN,44,G,4,D,26,D,28,M,37,M,19,D,7,M,40,M,16,F,3,D,30,M
4777394,20200403,NaN,1,G,5,M,11,F,49,F,27,M,4,D,8,M,24,D,14,M,44,D,25,M,NaN,1,G,9,F,18,M,24,D,23,D,29,M,19,D,6,M,3,D,8,M,10,M
4799021,20200404,NaN,22,G,15,D,40,M,16,F,14,M,4,M,3,D,11,F,5,D,29,D,19,D,NaN,34,G,14,M,30,M,31,M,32,D,35,F,27,M,4,F,20,D,3,D,7,F
4799025,20200404,NaN,1,G,2,M,38,M,33,F,41,M,16,F,7,F,4,M,6,D,22,F,36,M,NaN,39,G,10,F,2,D,16,M,23,F,14,F,22,M,18,D,7,M,17,M,20,M
4799029,20200404,NaN,21,G,27,D,8,M,5,D,9,F,17,F,45,F,13,D,26,M,15,D,25,D,NaN,1,G,26,D,11,M,3,D,25,F,23,D,17,F,4,D,15,M,2,M,16,F
4799033,20200404,NaN,31,G,14,D,7,M,6,M,30,M,33,D,20,M,9,F,16,D,28,D,11,M,NaN,17,G,4,D,28,M,33,M,7,M,27,M,50,D,10,M,13,D,14,F,25,D
4799037,20200404,NaN,25,G,38,D,6,D,5,D,23,M,18,M,2,M,32,M,19,D,13,F,16,M,NaN,27,G,18,M,26,D,13,D,29,F,23,M,7,M,2,D,15,F,36,D,5,M
4799041,20200404,NaN,1,G,19,D,4,D,3,D,9,F,27,D,29,M,8,M,10,M,18,F,15,M,NaN,1,G,11,F,30,F,6,M,8,M,41,M,5,M,25,M,7,D,4,D,13,D
4799045,20200404,NaN,1,G,29,M,14,F,31,D,45,F,6,D,10,M,5,D,41,M,8,M,20,D,NaN,21,G,25,M,15,D,6,M,17,M,20,F,8,F,2,D,16,D,22,D,3,D
5961141,20200411,NaN,1,G,26,D,11,M,3,D,25,F,23,D,17,F,4,D,15,M,2,M,16,F,NaN,1,G,19,D,4,D,3,D,9,F,27,D,29,M,8,M,10,M,18,F,15,M
5961144,20200411,NaN,39,G,10,F,2,D,16,M,23,F,14,F,22,M,18,D,7,M,17,M,20,M,NaN,27,G,18,M,26,D,13,D,29,F,23,M,7,M,2,D,15,F,36,D,5,M
6090452,20200412,NaN,33,G,27,F,28,M,15,M,44,M,4,D,45,M,37,D,49,D,9,F,32,D,NaN,22,G,15,D,40,M,16,F,14,M,4,M,3,D,11,F,5,D,29,D,19,D
6090456,20200412,NaN,21,G,25,M,15,D,6,M,17,M,20,F,8,F,2,D,16,D,22,D,3,D,NaN,34,G,14,M,30,M,31,M,32,D,35,F,27,M,4,F,20,D,3,D,7,F
6090460,20200412,NaN,17,G,4,D,28,M,33,M,7,M,27,M,50,D,10,M,13,D,14,F,25,D,NaN,21,G,27,D,8,M,5,D,9,F,17,F,45,F,13,D,26,M,15,D,25,D
6090464,20200412,NaN,1,G,11,F,30,F,6,M,8,M,41,M,5,M,25,M,7,D,4,D,13,D,NaN,1,G,5,M,11,F,49,F,27,M,4,D,8,M,24,D,14,M,44,D,25,M
6090469,20200412,NaN,25,G,38,D,6,D,5,D,23,M,18,M,2,M,32,M,19,D,13,F,16,M,NaN,1,G,9,F,18,M,24,D,23,D,29,M,19,D,6,M,3,D,8,M,10,M
6090473,20200412,NaN,1,G,29,M,14,F,31,D,45,F,6,D,10,M,5,D,41,M,8,M,20,D,NaN,1,G,2,M,38,M,33,F,41,M,16,F,7,F,4,M,6,D,22,F,36,M
6090477,20200412,NaN,44,G,4,D,26,D,28,M,37,M,19,D,7,M,40,M,16,F,3,D,30,M,NaN,31,G,14,D,7,M,6,M,30,M,33,D,20,M,9,F,16,D,28,D,11,M
6786651,20200417,NaN,31,G,14,D,7,M,6,M,30,M,33,D,20,M,9,F,16,D,28,D,11,M,NaN,21,G,25,M,15,D,6,M,17,M,20,F,8,F,2,D,16,D,22,D,3,D
6786652,20200417,NaN,1,G,5,M,11,F,49,F,27,M,4,D,8,M,24,D,14,M,44,D,25,M,NaN,1,G,19,D,4,D,3,D,9,F,27,D,29,M,8,M,10,M,18,F,15,M
6786653,20200417,NaN,21,G,27,D,8,M,5,D,9,F,17,F,45,F,13,D,26,M,15,D,25,D,NaN,1,G,2,M,38,M,33,F,41,M,16,F,7,F,4,M,6,D,22,F,36,M
6809419,20200418,NaN,27,G,18,M,26,D,13,D,29,F,23,M,7,M,2,D,15,F,36,D,5,M,NaN,17,G,4,D,28,M,33,M,7,M,27,M,50,D,10,M,13,D,14,F,25,D
6809423,20200418,NaN,33,G,27,F,28,M,15,M,44,M,4,D,45,M,37,D,49,D,9,F,32,D,NaN,25,G,38,D,6,D,5,D,23,M,18,M,2,M,32,M,19,D,13,F,16,M
6809427,20200418,NaN,34,G,14,M,30,M,31,M,32,D,35,F,27,M,4,F,20,D,3,D,7,F,NaN,1,G,26,D,11,M,3,D,25,F,23,D,17,F,4,D,15,M,2,M,16,F
6809431,20200418,NaN,22,G,15,D,40,M,16,F,14,M,4,M,3,D,11,F,5,D,29,D,19,D,NaN,44,G,4,D,26,D,28,M,37,M,19,D,7,M,40,M,16,F,3,D,30,M
6809435,20200418,NaN,1,G,20,F,24,D,23,D,29,M,19,D,6,M,2,D,8,M,25,M,10,M,NaN,1,G,11,F,6,M,8,M,41,M,5,M,2,D,19,M,25,M,4,D,13,D
6809439,20200418,NaN,39,G,11,F,10,F,2,D,5,D,16,M,14,F,22,M,18,D,7,M,17,M,NaN,1,G,3,M,27,D,14,F,11,F,30,F,5,D,7,M,41,M,8,M,20,D
8653605,20200509,NaN,34,G,5,D,14,M,30,M,31,M,32,D,35,F,27,M,4,F,20,D,11,F,NaN,39,G,11,F,10,F,2,D,5,D,16,M,14,F,22,M,18,D,7,M,17,M
8654624,20200510,NaN,13,G,28,M,15,M,44,M,24,F,37,D,49,D,5,D,8,M,9,F,32,D,NaN,1,G,15,D,33,F,41,M,30,M,16,F,13,D,50,M,6,D,22,F,25,M
8654625,20200510,NaN,1,G,20,F,24,D,23,D,29,M,19,D,6,M,2,D,8,M,25,M,10,M,NaN,1,G,27,F,3,D,34,D,44,F,25,F,23,D,4,D,15,M,2,M,16,F
8654626,20200510,NaN,21,G,6,M,30,F,5,D,9,F,17,F,44,D,33,D,13,D,26,M,25,D,NaN,44,G,4,D,8,M,26,D,28,M,37,M,19,D,7,M,13,F,40,M,3,D
8654627,20200510,NaN,21,G,25,M,15,D,5,M,6,M,17,M,20,F,10,M,2,D,16,D,22,D,NaN,24,G,18,M,26,D,13,D,29,F,23,M,7,M,2,D,15,F,36,D,5,M
8654628,20200510,NaN,17,G,4,D,8,M,24,D,9,F,27,M,13,D,14,F,25,D,20,D,39,M,NaN,22,G,15,D,40,M,31,F,14,M,4,M,3,D,11,F,5,D,29,D,19,D
8654629,20200510,NaN,25,G,38,D,6,D,23,M,2,M,32,M,19,D,8,D,13,F,11,F,16,M,NaN,1,G,11,F,6,M,8,M,41,M,5,M,2,D,19,M,25,M,4,D,13,D
8654630,20200510,NaN,1,G,5,M,11,F,49,F,27,M,6,M,4,D,22,D,33,D,8,M,24,D,NaN,1,G,3,M,27,D,14,F,11,F,30,F,5,D,7,M,41,M,8,M,20,D
8654631,20200510,NaN,1,G,19,D,4,D,3,D,27,D,29,M,8,M,10,M,18,F,15,M,33,F,NaN,31,G,7,M,8,M,33,D,39,D,20,M,9,F,37,M,16,D,4,M,11,M
8655040,20200513,NaN,31,G,7,M,8,M,33,D,39,D,20,M,9,F,37,M,16,D,4,M,11,M,NaN,13,G,28,M,15,M,44,M,24,F,37,D,49,D,5,D,8,M,9,F,32,D
8655041,20200513,NaN,1,G,5,M,11,F,49,F,27,M,6,M,4,D,22,D,33,D,8,M,24,D,NaN,21,G,6,M,30,F,5,D,9,F,17,F,44,D,33,D,13,D,26,M,25,D
15005904,20200515,NaN,1,G,3,M,27,D,14,F,11,F,30,F,5,D,7,M,41,M,8,M,20,D,NaN,1,G,19,D,4,D,3,D,27,D,29,M,8,M,10,M,18,F,15,M,33,F
15007046,20200516,NaN,24,G,18,M,26,D,13,D,29,F,23,M,7,M,2,D,15,F,36,D,5,M,NaN,1,G,20,F,24,D,23,D,29,M,19,D,6,M,2,D,8,M,25,M,10,M
15007048,20200516,NaN,1,G,27,F,3,D,34,D,44,F,25,F,23,D,4,D,15,M,2,M,16,F,NaN,13,G,28,M,15,M,44,M,24,F,37,D,49,D,5,D,8,M,9,F,32,D
15007050,20200516,NaN,1,G,15,D,33,F,41,M,30,M,16,F,13,D,50,M,6,D,22,F,25,M,NaN,17,G,4,D,8,M,24,D,9,F,27,M,13,D,14,F,25,D,20,D,39,M
15007052,20200516,NaN,39,G,11,F,10,F,2,D,5,D,16,M,14,F,22,M,18,D,7,M,17,M,NaN,25,G,38,D,6,D,23,M,2,M,32,M,19,D,8,D,13,F,11,F,16,M
15161261,20200517,NaN,34,G,5,D,14,M,30,M,31,M,32,D,35,F,27,M,4,F,20,D,11,F,NaN,21,G,6,M,30,F,5,D,9,F,17,F,44,D,33,D,13,D,26,M,25,D
15161262,20200517,NaN,31,G,7,M,8,M,33,D,39,D,20,M,9,F,37,M,16,D,4,M,11,M,NaN,1,G,11,F,6,M,8,M,41,M,5,M,2,D,19,M,25,M,4,D,13,D
15161263,20200517,NaN,22,G,15,D,40,M,31,F,14,M,4,M,3,D,11,F,5,D,29,D,19,D,NaN,1,G,5,M,11,F,49,F,27,M,6,M,4,D,22,D,33,D,8,M,24,D
15161264,20200517,NaN,44,G,4,D,8,M,26,D,28,M,37,M,19,D,7,M,13,F,40,M,3,D,NaN,21,G,25,M,15,D,5,M,6,M,17,M,20,F,10,M,2,D,16,D,22,D
15165088,20200523,NaN,13,G,28,M,15,M,44,M,24,F,37,D,49,D,5,D,8,M,9,F,32,D,NaN,24,G,18,M,26,D,13,D,29,F,23,M,7,M,2,D,15,F,36,D,5,M
15165089,20200523,NaN,1,G,19,D,4,D,3,D,27,D,29,M,8,M,10,M,18,F,15,M,33,F,NaN,44,G,4,D,8,M,26,D,28,M,37,M,19,D,7,M,13,F,40,M,3,D
15165090,20200523,NaN,1,G,20,F,24,D,23,D,29,M,19,D,6,M,2,D,8,M,25,M,10,M,NaN,1,G,15,D,33,F,41,M,30,M,16,F,13,D,50,M,6,D,22,F,25,M
15165091,20200523,NaN,21,G,6,M,30,F,5,D,9,F,17,F,44,D,33,D,13,D,26,M,25,D,NaN,1,G,3,M,27,D,14,F,11,F,30,F,5,D,7,M,41,M,8,M,20,D
15165092,20200523,NaN,31,G,7,M,8,M,33,D,39,D,20,M,9,F,37,M,16,D,4,M,11,M,NaN,34,G,5,D,14,M,30,M,31,M,32,D,35,F,27,M,4,F,20,D,11,F
15165093,20200523,NaN,17,G,4,D,8,M,24,D,9,F,27,M,13,D,14,F,25,D,20,D,39,M,NaN,39,G,11,F,10,F,2,D,5,D,16,M,14,F,22,M,18,D,7,M,17,M
15165094,20200523,NaN,25,G,38,D,6,D,23,M,2,M,32,M,19,D,8,D,13,F,11,F,16,M,NaN,22,G,15,D,40,M,31,F,14,M,4,M,3,D,11,F,5,D,29,D,19,D
15165095,20200523,NaN,1,G,5,M,11,F,49,F,27,M,6,M,4,D,22,D,33,D,8,M,24,D,NaN,21,G,25,M,15,D,5,M,6,M,17,M,20,F,10,M,2,D,16,D,22,D
15165096,20200523,NaN,1,G,11,F,6,M,8,M,41,M,5,M,2,D,19,M,25,M,4,D,13,D,NaN,1,G,27,F,3,D,34,D,44,F,25,F,23,D,4,D,15,M,2,M,16,F
15169830,20200530,NaN,1,G,19,D,4,D,3,D,27,D,29,M,8,M,10,M,18,F,15,M,33,F,NaN,17,G,4,D,8,M,24,D,9,F,27,M,13,D,14,F,25,D,20,D,39,M
15169833,20200530,NaN,39,G,11,F,10,F,2,D,5,D,16,M,14,F,22,M,18,D,7,M,17,M,NaN,1,G,27,F,3,D,34,D,44,F,25,F,23,D,4,D,15,M,2,M,16,F
15174470,20200531,NaN,24,G,18,M,26,D,13,D,29,F,23,M,7,M,2,D,15,F,36,D,5,M,NaN,21,G,6,M,30,F,5,D,9,F,17,F,44,D,33,D,13,D,26,M,25,D
15174474,20200531,NaN,13,G,28,M,15,M,44,M,24,F,37,D,49,D,5,D,8,M,9,F,32,D,NaN,34,G,5,D,14,M,30,M,31,M,32,D,35,F,27,M,4,F,20,D,11,F
15174479,20200531,NaN,22,G,15,D,40,M,31,F,14,M,4,M,3,D,11,F,5,D,29,D,19,D,NaN,31,G,7,M,8,M,33,D,39,D,20,M,9,F,37,M,16,D,4,M,11,M
15174484,20200531,NaN,1,G,15,D,33,F,41,M,30,M,16,F,13,D,50,M,6,D,22,F,25,M,NaN,1,G,5,M,11,F,49,F,27,M,6,M,4,D,22,D,33,D,8,M,24,D
15174489,20200531,NaN,1,G,20,F,24,D,23,D,29,M,19,D,6,M,2,D,8,M,25,M,10,M,NaN,44,G,4,D,8,M,26,D,28,M,37,M,19,D,7,M,13,F,40,M,3,D
15174495,20200531,NaN,21,G,25,M,15,D,5,M,6,M,17,M,20,F,10,M,2,D,16,D,22,D,NaN,25,G,38,D,6,D,23,M,2,M,32,M,19,D,8,D,13,F,11,F,16,M
15174499,20200531,NaN,1,G,3,M,27,D,14,F,11,F,30,F,5,D,7,M,41,M,8,M,20,D,NaN,1,G,11,F,6,M,8,M,41,M,5,M,2,D,19,M,25,M,4,D,13,D
15237970,20200613,NaN,34,G,5,D,14,M,30,M,31,M,32,D,35,F,27,M,4,F,20,D,11,F,NaN,1,G,20,F,24,D,23,D,29,M,19,D,6,M,2,D,8,M,25,M,10,M
15237973,20200613,NaN,1,G,27,F,3,D,34,D,44,F,25,F,23,D,4,D,15,M,2,M,16,F,NaN,1,G,15,D,33,F,41,M,30,M,16,F,13,D,50,M,6,D,22,F,25,M
15237979,20200613,NaN,1,G,5,M,11,F,49,F,27,M,6,M,4,D,22,D,33,D,8,M,24,D,NaN,39,G,11,F,10,F,2,D,5,D,16,M,14,F,22,M,18,D,7,M,17,M
15237984,20200613,NaN,21,G,6,M,30,F,5,D,9,F,17,F,44,D,33,D,13,D,26,M,25,D,NaN,22,G,15,D,40,M,31,F,14,M,4,M,3,D,11,F,5,D,29,D,19,D
15237989,20200613,NaN,31,G,7,M,8,M,33,D,39,D,20,M,9,F,37,M,16,D,4,M,11,M,NaN,24,G,18,M,26,D,13,D,29,F,23,M,7,M,2,D,15,F,36,D,5,M
15237995,20200613,NaN,17,G,4,D,8,M,24,D,9,F,27,M,13,D,14,F,25,D,20,D,39,M,NaN,21,G,25,M,15,D,5,M,6,M,17,M,20,F,10,M,2,D,16,D,22,D
15238003,20200613,NaN,1,G,11,F,6,M,8,M,41,M,5,M,2,D,19,M,25,M,4,D,13,D,NaN,13,G,28,M,15,M,44,M,24,F,37,D,49,D,5,D,8,M,9,F,32,D
15238009,20200613,NaN,25,G,38,D,6,D,23,M,2,M,32,M,19,D,8,D,13,F,11,F,16,M,NaN,1,G,19,D,4,D,3,D,27,D,29,M,8,M,10,M,18,F,15,M,33,F
15243032,20200614,NaN,44,G,4,D,8,M,26,D,28,M,37,M,19,D,7,M,13,F,40,M,3,D,NaN,1,G,3,M,27,D,14,F,11,F,30,F,5,D,7,M,41,M,8,M,20,D
15245593,20200620,NaN,24,G,18,M,26,D,13,D,29,F,23,M,7,M,2,D,15,F,36,D,5,M,NaN,44,G,4,D,8,M,26,D,28,M,37,M,19,D,7,M,13,F,40,M,3,D
15245594,20200620,NaN,1,G,19,D,4,D,3,D,27,D,29,M,8,M,10,M,18,F,15,M,33,F,NaN,34,G,5,D,14,M,30,M,31,M,32,D,35,F,27,M,4,F,20,D,11,F
15245595,20200620,NaN,22,G,15,D,40,M,31,F,14,M,4,M,3,D,11,F,5,D,29,D,19,D,NaN,13,G,28,M,15,M,44,M,24,F,37,D,49,D,5,D,8,M,9,F,32,D
15245596,20200620,NaN,1,G,15,D,33,F,41,M,30,M,16,F,13,D,50,M,6,D,22,F,25,M,NaN,1,G,3,M,27,D,14,F,11,F,30,F,5,D,7,M,41,M,8,M,20,D
15246026,20200621,NaN,1,G,20,F,24,D,23,D,29,M,19,D,6,M,2,D,8,M,25,M,10,M,NaN,25,G,38,D,6,D,23,M,2,M,32,M,19,D,8,D,13,F,11,F,16,M
15246027,20200621,NaN,39,G,11,F,10,F,2,D,5,D,16,M,14,F,22,M,18,D,7,M,17,M,NaN,31,G,7,M,8,M,33,D,39,D,20,M,9,F,37,M,16,D,4,M,11,M
15246028,20200621,NaN,1,G,5,M,11,F,49,F,27,M,6,M,4,D,22,D,33,D,8,M,24,D,NaN,1,G,27,F,3,D,34,D,44,F,25,F,23,D,4,D,15,M,2,M,16,F
15246029,20200621,NaN,21,G,6,M,30,F,5,D,9,F,17,F,44,D,33,D,13,D,26,M,25,D,NaN,17,G,4,D,8,M,24,D,9,F,27,M,13,D,14,F,25,D,20,D,39,M
15246030,20200621,NaN,21,G,25,M,15,D,5,M,6,M,17,M,20,F,10,M,2,D,16,D,22,D,NaN,1,G,11,F,6,M,8,M,41,M,5,M,2,D,19,M,25,M,4,D,13,D
15248335,20200627,NaN,34,G,5,D,14,M,30,M,31,M,32,D,35,F,27,M,4,F,20,D,11,F,NaN,17,G,4,D,8,M,24,D,9,F,27,M,13,D,14,F,25,D,20,D,39,M
15248337,20200627,NaN,1,G,27,F,3,D,34,D,44,F,25,F,23,D,4,D,15,M,2,M,16,F,NaN,24,G,18,M,26,D,13,D,29,F,23,M,7,M,2,D,15,F,36,D,5,M
15248338,20200627,NaN,39,G,11,F,10,F,2,D,5,D,16,M,14,F,22,M,18,D,7,M,17,M,NaN,1,G,20,F,24,D,23,D,29,M,19,D,6,M,2,D,8,M,25,M,10,M
15248340,20200627,NaN,44,G,4,D,8,M,26,D,28,M,37,M,19,D,7,M,13,F,40,M,3,D,NaN,1,G,5,M,11,F,49,F,27,M,6,M,4,D,22,D,33,D,8,M,24,D
15248342,20200627,NaN,31,G,7,M,8,M,33,D,39,D,20,M,9,F,37,M,16,D,4,M,11,M,NaN,21,G,6,M,30,F,5,D,9,F,17,F,44,D,33,D,13,D,26,M,25,D
15248344,20200627,NaN,1,G,11,F,6,M,8,M,41,M,5,M,2,D,19,M,25,M,4,D,13,D,NaN,1,G,19,D,4,D,3,D,27,D,29,M,8,M,10,M,18,F,15,M,33,F
15248346,20200627,NaN,22,G,15,D,40,M,31,F,14,M,4,M,3,D,11,F,5,D,29,D,19,D,NaN,21,G,25,M,15,D,5,M,6,M,17,M,20,F,10,M,2,D,16,D,22,D
15248348,20200627,NaN,25,G,38,D,6,D,23,M,2,M,32,M,19,D,8,D,13,F,11,F,16,M,NaN,1,G,15,D,33,F,41,M,30,M,16,F,13,D,50,M,6,D,22,F,25,M
15248350,20200627,NaN,1,G,3,M,27,D,14,F,11,F,30,F,5,D,7,M,41,M,8,M,20,D,NaN,13,G,28,M,15,M,44,M,24,F,37,D,49,D,5,D,8,M,9,F,32,D
15252360,20200701,NaN,21,G,25,M,15,D,5,M,6,M,17,M,20,F,10,M,2,D,16,D,22,D,NaN,31,G,7,M,8,M,33,D,39,D,20,M,9,F,37,M,16,D,4,M,11,M
15252363,20200701,NaN,1,G,19,D,4,D,3,D,27,D,29,M,8,M,10,M,18,F,15,M,33,F,NaN,22,G,15,D,40,M,31,F,14,M,4,M,3,D,11,F,5,D,29,D,19,D
15252365,20200701,NaN,34,G,5,D,14,M,30,M,31,M,32,D,35,F,27,M,4,F,20,D,11,F,NaN,25,G,38,D,6,D,23,M,2,M,32,M,19,D,8,D,13,F,11,F,16,M
15252367,20200701,NaN,17,G,4,D,8,M,24,D,9,F,27,M,13,D,14,F,25,D,20,D,39,M,NaN,1,G,5,M,11,F,49,F,27,M,6,M,4,D,22,D,33,D,8,M,24,D
15252369,20200701,NaN,1,G,27,F,3,D,34,D,44,F,25,F,23,D,4,D,15,M,2,M,16,F,NaN,44,G,4,D,8,M,26,D,28,M,37,M,19,D,7,M,13,F,40,M,3,D
15252372,20200701,NaN,1,G,15,D,33,F,41,M,30,M,16,F,13,D,50,M,6,D,22,F,25,M,NaN,13,G,28,M,15,M,44,M,24,F,37,D,49,D,5,D,8,M,9,F,32,D
15252374,20200701,NaN,1,G,20,F,24,D,23,D,29,M,19,D,6,M,2,D,8,M,25,M,10,M,NaN,1,G,3,M,27,D,14,F,11,F,30,F,5,D,7,M,41,M,8,M,20,D
15252376,20200701,NaN,24,G,18,M,26,D,13,D,29,F,23,M,7,M,2,D,15,F,36,D,5,M,NaN,1,G,11,F,6,M,8,M,41,M,5,M,2,D,19,M,25,M,4,D,13,D
15252377,20200701,NaN,21,G,6,M,30,F,5,D,9,F,17,F,44,D,33,D,13,D,26,M,25,D,NaN,39,G,11,F,10,F,2,D,5,D,16,M,14,F,22,M,18,D,7,M,17,M
15257276,20200704,NaN,39,G,11,F,10,F,2,D,5,D,16,M,14,F,22,M,18,D,7,M,17,M,NaN,22,G,15,D,40,M,31,F,14,M,4,M,3,D,11,F,5,D,29,D,19,D
15257279,20200704,NaN,17,G,4,D,8,M,24,D,9,F,27,M,13,D,14,F,25,D,20,D,39,M,NaN,1,G,27,F,3,D,34,D,44,F,25,F,23,D,4,D,15,M,2,M,16,F
15257282,20200704,NaN,1,G,11,F,6,M,8,M,41,M,5,M,2,D,19,M,25,M,4,D,13,D,NaN,21,G,6,M,30,F,5,D,9,F,17,F,44,D,33,D,13,D,26,M,25,D
15257287,20200704,NaN,1,G,5,M,11,F,49,F,27,M,6,M,4,D,22,D,33,D,8,M,24,D,NaN,13,G,28,M,15,M,44,M,24,F,37,D,49,D,5,D,8,M,9,F,32,D
42308608,20200704,NaN,1,G,19,D,4,D,7,M,9,F,21,M,8,M,10,M,5,D,13,D,33,F,NaN,21,G,25,M,5,M,6,M,17,M,9,F,10,M,2,D,14,D,22,D,3,D
42308613,20200704,NaN,31,G,10,F,24,D,2,D,5,D,37,M,21,D,14,F,15,D,30,F,6,M,NaN,1,G,26,D,27,F,11,M,3,D,8,M,25,F,23,D,4,D,15,M,16,F
42308617,20200704,NaN,44,G,9,F,4,D,23,M,8,M,6,M,29,D,7,M,5,D,14,M,3,D,NaN,1,G,48,F,5,D,8,M,9,F,27,M,18,M,10,M,19,M,4,F,3,D
42308621,20200704,NaN,1,G,7,M,9,F,6,M,40,M,47,M,16,F,3,D,5,D,29,D,2,D,NaN,1,G,9,M,38,M,20,F,41,M,23,M,28,M,3,D,4,M,6,D,22,F
42308626,20200704,NaN,17,G,4,D,8,M,7,M,2,D,6,D,15,D,10,M,22,M,14,F,18,F,NaN,33,G,15,M,20,M,4,D,2,D,31,M,3,D,8,M,9,F,10,M,6,D
42308629,20200704,NaN,1,G,9,F,8,M,10,M,41,M,5,M,2,D,25,M,4,D,16,M,13,D,NaN,1,G,14,D,7,M,8,M,39,D,2,D,20,M,9,F,28,D,4,M,11,M
42308634,20200704,NaN,1,G,38,D,6,D,28,D,4,D,18,M,22,D,13,F,15,M,11,F,16,M,NaN,24,G,19,F,14,M,13,D,16,M,20,F,4,D,7,M,15,F,8,M,5,M
42308638,20200704,NaN,1,G,27,D,29,M,14,F,31,D,6,D,30,F,16,M,7,M,24,M,20,D,NaN,21,G,6,M,19,D,8,M,5,D,17,F,39,M,44,D,23,F,11,F,25,D
42308643,20200704,NaN,18,G,5,M,11,F,3,D,49,F,6,M,22,D,33,D,8,M,24,D,25,M,NaN,38,G,9,F,18,M,23,D,19,D,44,M,6,M,2,D,8,M,39,F,10,M
15258930,20200705,NaN,1,G,15,D,33,F,41,M,30,M,16,F,13,D,50,M,6,D,22,F,25,M,NaN,1,G,20,F,24,D,23,D,29,M,19,D,6,M,2,D,8,M,25,M,10,M
15258933,20200705,NaN,24,G,18,M,26,D,13,D,29,F,23,M,7,M,2,D,15,F,36,D,5,M,NaN,21,G,25,M,15,D,5,M,6,M,17,M,20,F,10,M,2,D,16,D,22,D
15258935,20200705,NaN,44,G,4,D,8,M,26,D,28,M,37,M,19,D,7,M,13,F,40,M,3,D,NaN,1,G,19,D,4,D,3,D,27,D,29,M,8,M,10,M,18,F,15,M,33,F
15258937,20200705,NaN,25,G,38,D,6,D,23,M,2,M,32,M,19,D,8,D,13,F,11,F,16,M,NaN,31,G,7,M,8,M,33,D,39,D,20,M,9,F,37,M,16,D,4,M,11,M
15258939,20200705,NaN,1,G,3,M,27,D,14,F,11,F,30,F,5,D,7,M,41,M,8,M,20,D,NaN,34,G,5,D,14,M,30,M,31,M,32,D,35,F,27,M,4,F,20,D,11,F
42321631,20200708,NaN,21,G,25,M,15,D,5,M,6,M,17,M,9,F,8,F,2,D,14,D,22,D,NaN,31,G,11,F,24,D,5,D,16,M,23,F,37,M,3,D,7,M,15,D,6,M
42321642,20200708,NaN,24,G,42,F,26,D,39,D,16,M,29,F,3,M,11,F,7,M,36,D,5,M,NaN,1,G,27,D,29,M,14,F,31,D,12,M,45,F,6,D,10,M,24,M,20,D
42321648,20200708,NaN,17,G,4,D,28,M,5,M,50,D,6,D,15,D,10,M,14,F,19,F,18,F,NaN,44,G,9,F,4,D,23,M,8,M,6,M,29,D,7,M,5,D,14,M,3,D
42321653,20200708,NaN,1,G,14,D,7,M,19,F,39,D,20,M,9,F,22,D,28,D,4,M,11,M,NaN,1,G,48,F,5,D,8,M,9,F,27,M,18,M,10,M,19,M,4,F,3,D
42321661,20200708,NaN,18,G,2,M,9,M,38,M,20,F,41,M,23,M,3,D,7,F,4,M,6,D,NaN,18,G,5,M,13,F,11,F,49,F,6,M,22,D,33,D,8,M,24,D,25,M
42321667,20200708,NaN,38,G,9,F,23,D,29,M,19,D,44,M,6,M,2,D,8,M,39,F,10,M,NaN,1,G,6,M,40,M,47,M,16,F,8,M,18,F,3,D,11,F,5,D,29,D
42321672,20200708,NaN,21,G,6,M,27,D,8,M,30,F,9,F,17,F,44,D,23,F,15,D,16,D,NaN,1,G,38,D,6,D,28,D,4,D,2,M,14,M,8,D,10,M,9,F,16,M
42321677,20200708,NaN,33,G,20,M,4,D,45,M,31,M,37,D,3,D,8,M,9,F,10,M,6,D,NaN,1,G,9,F,8,M,10,M,41,M,5,M,2,D,25,M,4,D,16,M,13,D
42321681,20200708,NaN,1,G,26,D,11,M,3,D,44,F,10,F,23,D,4,D,15,M,2,M,16,F,NaN,1,G,19,D,11,F,14,M,9,F,27,D,21,M,8,M,5,D,15,M,33,F
42331715,20200711,NaN,1,G,9,F,6,M,8,M,41,M,5,M,22,M,7,D,4,D,16,M,13,D,NaN,17,G,4,D,8,M,28,M,2,D,15,D,10,M,13,D,14,F,18,F,39,M
42331718,20200711,NaN,1,G,7,M,9,F,41,D,40,M,27,F,4,M,11,F,5,D,29,D,2,D,NaN,18,G,5,M,9,F,11,F,27,M,17,D,24,D,21,F,14,M,44,D,25,M
42335283,20200712,NaN,18,G,2,M,9,M,41,M,23,M,28,M,3,D,11,F,50,M,6,D,22,F,NaN,1,G,24,D,23,D,19,D,44,M,6,M,2,D,8,M,16,M,39,F,10,M
42335285,20200712,NaN,31,G,10,F,24,D,2,D,37,M,3,D,21,D,14,F,30,F,6,M,20,M,NaN,1,G,19,D,4,D,9,F,27,D,21,M,8,M,10,M,5,D,15,M,33,F
42335289,20200712,NaN,44,G,9,F,4,D,23,M,8,M,26,D,6,M,29,D,7,M,14,M,3,D,NaN,24,G,19,F,14,M,13,D,16,M,20,F,4,D,29,F,7,M,8,M,5,M
42335291,20200712,NaN,21,G,25,M,5,M,6,M,17,M,20,F,10,M,2,D,14,D,22,D,3,D,NaN,1,G,26,D,27,F,11,M,3,D,44,F,8,M,23,D,4,D,15,M,16,F
42335295,20200712,NaN,1,G,38,D,5,D,23,M,28,D,4,D,2,M,14,M,8,D,13,F,16,M,NaN,1,G,48,F,5,D,14,M,8,M,32,D,27,M,18,M,19,M,4,F,3,D
42335298,20200712,NaN,1,G,27,D,31,D,45,F,6,D,30,F,16,M,7,M,24,M,8,M,20,D,NaN,1,G,14,D,7,M,6,M,19,F,39,D,20,M,15,F,22,D,28,D,11,M
42335302,20200712,NaN,21,G,6,M,5,D,9,F,18,M,39,M,44,D,45,F,13,D,11,F,25,D,NaN,33,G,27,F,11,F,18,M,4,D,2,D,45,M,37,D,3,D,9,F,10,M
42354607,20200718,NaN,1,G,14,D,7,M,36,F,39,D,25,M,20,M,9,F,22,D,28,D,4,M,NaN,21,G,6,M,27,D,8,M,30,F,5,D,9,F,17,F,44,D,13,D,23,F
42354610,20200718,NaN,1,G,26,D,27,F,11,M,3,D,23,D,17,F,4,D,15,M,2,M,16,F,NaN,18,G,41,M,28,M,3,D,4,M,11,F,50,M,6,D,22,F,36,M,25,M
42354614,20200718,NaN,24,G,18,M,19,F,14,M,13,D,16,M,20,F,4,D,29,F,7,M,5,M,NaN,1,G,5,D,14,M,8,M,27,M,18,M,10,M,19,M,33,F,4,F,3,D
42354619,20200718,NaN,18,G,9,F,4,D,23,M,8,M,27,M,37,M,6,M,29,D,7,M,5,D,NaN,1,G,9,F,8,M,10,M,41,M,5,M,2,D,25,M,7,D,16,M,13,D
42354624,20200718,NaN,33,G,11,F,20,M,18,M,4,D,2,D,31,M,3,D,9,F,10,M,6,D,NaN,1,G,27,D,29,M,14,F,31,D,6,D,30,F,16,M,7,M,24,M,2,D
42354628,20200718,NaN,1,G,19,D,11,F,4,D,9,F,27,D,21,M,8,M,5,D,15,M,33,F,NaN,1,G,7,M,9,F,6,M,40,M,49,D,16,F,3,D,11,F,5,D,29,D
42354632,20200718,NaN,23,G,4,D,8,M,33,M,7,M,3,D,10,M,14,F,25,D,20,D,39,M,NaN,1,G,38,D,6,D,23,M,28,D,4,D,18,M,14,M,8,D,11,F,16,M
42354636,20200718,NaN,1,G,20,F,23,D,19,D,44,M,6,M,2,D,8,M,16,M,39,F,10,M,NaN,21,G,25,M,15,D,5,M,6,M,17,M,9,F,10,M,2,D,14,D,22,D
42354638,20200718,NaN,18,G,5,M,13,F,11,F,3,D,49,F,6,M,22,D,8,M,24,D,25,M,NaN,31,G,10,F,5,D,23,F,3,D,21,D,14,F,18,D,30,F,6,M,20,M
42359722,20200722,NaN,1,G,19,D,14,M,4,D,7,M,27,D,10,M,5,D,15,M,39,F,33,F,NaN,1,G,9,F,23,D,29,M,19,D,2,D,8,M,30,M,25,M,39,F,10,M
42359723,20200722,NaN,18,G,2,M,15,D,41,M,16,F,28,M,3,D,7,F,4,M,6,D,22,F,NaN,31,G,10,F,2,D,5,D,16,M,23,F,21,D,14,F,22,M,18,D,20,M
42359724,20200722,NaN,25,G,20,F,5,D,4,D,18,M,2,M,22,D,8,D,10,M,16,M,3,D,NaN,1,G,5,D,6,M,8,M,36,F,39,D,41,M,9,F,22,D,28,D,4,M
42359725,20200722,NaN,21,G,41,M,8,M,30,F,5,D,9,F,44,D,23,F,15,D,11,F,25,D,NaN,18,G,9,F,4,D,23,M,8,M,37,M,29,D,7,M,5,D,3,D,30,M
42359726,20200722,NaN,1,G,48,F,5,D,14,M,8,M,32,D,18,M,10,M,4,F,3,D,7,F,NaN,33,G,15,M,20,M,4,D,45,M,37,D,8,M,9,F,32,D,10,M,6,D
42359727,20200722,NaN,21,G,25,M,5,M,6,M,17,M,9,F,10,M,2,D,14,D,22,D,3,D,NaN,18,G,5,M,11,F,3,D,49,F,17,D,6,M,22,D,8,M,24,D,25,M
42359728,20200722,NaN,1,G,7,M,9,F,15,D,40,M,16,F,14,M,32,M,3,D,5,D,2,D,NaN,1,G,26,D,11,M,3,D,44,F,25,F,23,D,4,D,15,M,2,M,16,F
42359729,20200722,NaN,1,G,27,D,29,M,31,D,12,M,45,F,9,F,6,D,41,M,2,D,8,M,NaN,23,G,4,D,8,M,33,M,7,M,3,D,10,M,14,F,25,D,20,D,39,M
42359730,20200722,NaN,27,G,18,M,19,F,14,M,13,D,16,M,20,F,7,M,15,F,36,D,5,M,NaN,1,G,9,F,8,M,10,M,41,M,5,M,2,D,25,M,7,D,16,M,13,D
42362811,20200726,NaN,1,G,14,M,8,M,31,M,27,M,18,M,10,M,4,F,23,M,3,D,7,F,NaN,21,G,6,M,27,D,8,M,30,F,5,D,18,M,39,M,44,D,15,D,11,F
42362812,20200726,NaN,1,G,20,F,24,D,23,D,29,M,19,D,6,M,2,D,8,M,25,M,10,M,NaN,1,G,27,F,3,D,34,D,44,F,25,F,23,D,4,D,15,M,2,M,16,F
42362814,20200726,NaN,31,G,10,F,2,D,5,D,16,M,3,D,14,F,22,M,18,D,30,F,6,M,NaN,1,G,9,F,41,D,23,F,14,M,4,M,26,M,11,F,5,D,29,D,2,D
42362816,20200726,NaN,18,G,9,F,4,D,23,M,8,M,26,D,37,M,29,D,46,M,3,D,30,M,NaN,1,G,27,D,45,F,6,D,30,F,10,M,5,D,4,D,16,M,41,M,8,M
42362818,20200726,NaN,1,G,14,D,7,M,39,D,25,M,20,M,15,F,9,F,22,D,28,D,4,M,NaN,33,G,11,F,28,M,4,D,2,D,31,M,3,D,8,M,9,F,7,M,6,D
42362820,20200726,NaN,23,G,4,D,33,M,7,M,27,M,3,D,10,M,14,F,25,D,20,D,39,M,NaN,24,G,18,M,19,F,39,D,16,M,4,D,29,F,37,M,11,F,36,D,5,M
42362823,20200726,NaN,1,G,11,F,30,F,6,M,8,M,41,M,5,M,22,M,2,D,4,D,13,D,NaN,25,G,20,F,38,D,6,D,28,D,18,M,2,M,22,D,14,M,8,D,16,M
42362825,20200726,NaN,18,G,2,M,33,F,41,M,28,M,3,D,4,M,11,F,6,D,22,F,36,M,NaN,21,G,5,M,6,M,17,M,32,F,10,M,8,F,2,D,14,D,22,D,3,D
42362827,20200726,NaN,18,G,5,M,13,F,11,F,49,F,38,F,4,D,8,M,24,D,44,D,25,M,NaN,1,G,19,D,11,F,14,M,4,D,27,D,21,M,5,D,15,M,39,F,33,F
42367441,20200801,NaN,1,G,26,D,27,F,3,D,44,F,8,M,25,F,23,D,4,D,15,M,16,F,NaN,23,G,4,D,8,M,33,M,7,M,50,D,10,M,14,F,25,D,20,D,18,F
42367445,20200801,NaN,27,G,19,F,14,M,13,D,43,D,16,M,20,F,7,M,15,F,36,D,5,M,NaN,1,G,6,M,41,M,27,D,8,M,30,F,5,D,18,M,39,M,44,D,25,D
42367449,20200801,NaN,18,G,4,D,23,M,8,M,26,D,37,M,7,M,5,D,16,F,3,D,30,M,NaN,38,G,9,F,24,D,23,D,50,M,19,D,6,M,2,D,8,M,25,M,10,M
42367451,20200801,NaN,33,G,11,F,20,M,4,D,2,D,31,M,3,D,8,M,9,F,7,M,6,D,NaN,18,G,2,M,19,F,33,F,41,M,30,M,28,M,3,D,6,D,22,F,36,M
42367454,20200801,NaN,1,G,19,D,11,F,4,D,27,D,21,M,8,M,5,D,15,M,39,F,33,F,NaN,1,G,11,F,30,F,8,M,10,M,41,M,5,M,2,D,25,M,4,D,13,D
42367456,20200801,NaN,1,G,9,F,15,D,40,M,31,F,4,M,3,D,11,F,5,D,29,D,2,D,NaN,21,G,14,D,8,M,39,D,25,M,20,M,9,F,22,D,28,D,4,M,11,M
42367458,20200801,NaN,25,G,6,D,5,D,28,D,18,M,2,M,22,D,8,D,13,F,10,M,16,M,NaN,21,G,25,M,15,D,5,M,6,M,17,M,18,F,10,M,2,D,14,D,22,D
42367461,20200801,NaN,1,G,27,D,14,F,45,F,6,D,5,D,16,M,24,M,41,M,8,M,20,D,NaN,31,G,10,F,2,D,5,D,16,M,3,D,14,F,22,M,18,D,30,F,6,M
42368145,20200802,NaN,1,G,14,M,8,M,31,M,32,D,27,M,18,M,10,M,4,F,3,D,7,F,NaN,18,G,5,M,11,F,49,F,6,M,4,D,22,D,33,D,8,M,24,D,25,M
42376503,20200808,NaN,1,G,26,D,3,D,44,F,8,M,25,F,10,F,23,D,4,D,15,M,16,F,NaN,1,G,27,D,29,M,14,F,45,F,6,D,4,D,16,M,24,M,39,M,20,D
42376510,20200808,NaN,31,G,10,F,2,D,5,D,16,M,3,D,14,F,22,M,18,D,30,F,6,M,NaN,1,G,14,M,8,M,9,F,31,M,27,M,18,M,10,M,4,F,3,D,7,F
42376519,20200808,NaN,31,G,14,D,6,M,8,M,39,D,41,M,15,F,9,F,37,M,28,D,4,M,NaN,18,G,2,M,19,F,41,M,30,M,47,D,28,M,3,D,4,M,22,F,36,M
42376523,20200808,NaN,1,G,19,D,11,F,4,D,3,D,9,F,21,M,8,M,5,D,15,M,33,F,NaN,18,G,23,M,8,M,26,D,37,M,20,D,6,M,19,D,7,M,16,F,3,D
42376529,20200808,NaN,1,G,9,F,11,F,8,M,10,M,18,M,17,D,5,M,2,D,25,M,4,D,NaN,22,G,15,D,41,D,40,M,31,F,16,F,4,M,3,D,11,F,5,D,2,D
42376535,20200808,NaN,18,G,5,M,13,F,49,F,27,M,6,M,4,D,22,D,33,D,8,M,24,D,NaN,27,G,26,D,13,D,45,D,16,M,20,F,4,D,7,M,15,F,36,D,5,M
42376541,20200808,NaN,1,G,27,D,8,M,30,F,5,D,9,F,17,F,18,M,39,M,44,D,25,D,NaN,23,G,4,D,8,M,33,M,7,M,50,D,10,M,14,F,25,D,20,D,18,F
42378177,20200809,NaN,38,G,18,M,23,D,29,M,19,D,44,M,6,M,2,D,8,M,39,F,10,M,NaN,25,G,20,F,6,D,28,D,2,M,22,D,8,D,15,M,9,F,16,M,3,D
42378182,20200809,NaN,21,G,25,M,15,D,5,M,6,M,17,M,20,F,10,M,2,D,14,D,22,D,NaN,13,G,11,F,20,M,4,D,2,D,45,M,31,M,3,D,8,M,9,F,6,D
40069826,20200814,NaN,21,G,25,M,15,D,5,M,6,M,17,M,20,F,10,M,2,D,16,D,22,D,NaN,1,G,5,M,11,F,49,F,27,M,6,M,4,D,22,D,33,D,8,M,24,D
40069828,20200814,NaN,39,G,11,F,10,F,2,D,5,D,16,M,14,F,22,M,18,D,7,M,17,M,NaN,17,G,4,D,8,M,24,D,9,F,27,M,13,D,14,F,25,D,20,D,39,M
40069830,20200814,NaN,21,G,6,M,30,F,5,D,9,F,17,F,44,D,33,D,13,D,26,M,25,D,NaN,25,G,38,D,6,D,23,M,2,M,32,M,19,D,8,D,13,F,11,F,16,M
40765125,20200815,NaN,34,G,5,D,14,M,30,M,31,M,32,D,35,F,27,M,4,F,20,D,11,F,NaN,31,G,7,M,8,M,33,D,39,D,20,M,9,F,37,M,16,D,4,M,11,M
40765127,20200815,NaN,44,G,4,D,8,M,26,D,28,M,37,M,19,D,7,M,13,F,40,M,3,D,NaN,13,G,28,M,15,M,44,M,24,F,37,D,49,D,5,D,8,M,9,F,32,D
40765129,20200815,NaN,1,G,19,D,4,D,3,D,27,D,29,M,8,M,10,M,18,F,15,M,33,F,NaN,1,G,3,M,27,D,14,F,11,F,30,F,5,D,7,M,41,M,8,M,20,D
40765131,20200815,NaN,1,G,27,F,3,D,34,D,44,F,25,F,23,D,4,D,15,M,2,M,16,F,NaN,1,G,11,F,6,M,8,M,41,M,5,M,2,D,19,M,25,M,4,D,13,D
40765133,20200815,NaN,22,G,15,D,40,M,31,F,14,M,4,M,3,D,11,F,5,D,29,D,19,D,NaN,1,G,15,D,33,F,41,M,30,M,16,F,13,D,50,M,6,D,22,F,25,M
40765136,20200815,NaN,1,G,20,F,24,D,23,D,29,M,19,D,6,M,2,D,8,M,25,M,10,M,NaN,24,G,18,M,26,D,13,D,29,F,23,M,7,M,2,D,15,F,36,D,5,M
42386836,20200815,NaN,1,G,5,D,14,M,8,M,35,F,27,M,18,M,10,M,4,F,3,D,7,F,NaN,1,G,9,F,30,F,20,F,6,M,8,M,5,M,22,M,7,D,4,D,13,D
42386916,20200815,NaN,27,G,26,D,13,D,45,D,16,M,20,F,4,D,7,M,15,F,36,D,5,M,NaN,31,G,10,F,2,D,5,D,16,M,3,D,14,F,22,M,15,D,30,F,6,M
42386972,20200815,NaN,44,G,9,F,8,M,26,D,37,M,20,D,6,M,19,D,7,M,16,F,3,D,NaN,25,G,6,D,5,D,23,M,28,D,18,M,2,M,22,D,8,D,13,F,9,F
42387005,20200815,NaN,22,G,40,M,31,F,27,F,18,F,4,M,3,D,11,F,5,D,29,D,2,D,NaN,1,G,6,M,8,M,5,D,9,F,17,F,44,D,45,F,13,D,38,F,25,D
42387048,20200815,NaN,13,G,11,F,20,M,4,D,NaN,D,45,M,31,M,3,D,8,M,9,F,6,D,NaN,1,G,26,D,3,D,44,F,8,M,25,F,10,F,23,D,4,D,15,M,16,F
42387107,20200815,NaN,23,G,4,D,8,M,33,M,7,M,3,D,6,D,10,M,14,F,20,D,18,F,NaN,21,G,25,M,15,D,5,M,6,M,17,M,20,F,10,M,2,D,14,D,22,D
42387156,20200815,NaN,1,G,15,D,33,F,41,M,30,M,16,F,13,D,50,M,6,D,22,F,25,M,NaN,1,G,19,D,4,D,3,D,27,D,29,M,8,M,10,M,18,F,15,M,33,F
42387203,20200815,NaN,1,G,3,M,27,D,29,M,45,F,9,F,5,D,24,M,41,M,8,M,20,D,NaN,38,G,18,M,23,D,29,M,19,D,44,M,6,M,2,D,8,M,39,F,10,M
42389403,20200816,NaN,38,G,14,D,8,M,33,D,39,D,25,M,20,M,9,F,22,D,4,M,11,M,NaN,18,G,5,M,49,F,27,M,41,M,4,D,22,D,33,D,8,M,24,D,25,M
69384317,20200819,NaN,1,G,11,F,4,D,3,D,27,D,21,M,8,M,5,D,15,M,39,F,33,F,NaN,1,G,3,M,27,D,45,F,9,F,5,D,16,M,7,M,41,M,8,M,20,D
69384322,20200819,NaN,1,G,11,F,30,F,8,M,10,M,41,M,5,M,2,D,25,M,4,D,13,D,NaN,21,G,25,M,15,D,5,M,13,F,17,M,20,F,10,M,2,D,14,D,22,D
69384325,20200819,NaN,38,G,9,F,18,M,23,D,29,M,19,D,6,M,2,D,8,M,25,M,10,M,NaN,13,G,11,F,20,M,4,D,45,M,31,M,37,D,3,D,8,M,9,F,6,D
69384328,20200819,NaN,31,G,10,F,2,D,5,D,16,M,3,D,21,D,14,F,22,M,30,F,6,M,NaN,1,G,19,D,27,D,8,M,37,F,9,F,33,D,13,D,23,F,16,D,38,F
69384331,20200819,NaN,25,G,20,F,6,D,5,D,2,M,22,D,8,D,13,F,10,M,16,M,3,D,NaN,1,G,27,F,3,D,44,F,8,M,36,D,23,D,17,F,4,D,15,M,16,F
69384334,20200819,NaN,18,G,5,M,49,F,27,M,41,M,6,M,4,D,8,M,24,D,44,D,25,M,NaN,23,G,4,D,8,M,33,M,7,M,3,D,6,D,10,M,14,F,20,D,18,F
69384337,20200819,NaN,44,G,9,F,8,M,26,D,37,M,20,D,6,M,19,D,7,M,16,F,3,D,NaN,38,G,14,D,7,M,8,M,3,D,20,M,9,F,37,M,28,D,4,M,11,M
69384341,20200819,NaN,1,G,5,D,14,M,8,M,32,D,27,M,18,M,10,M,4,F,3,D,7,F,NaN,22,G,7,M,40,M,31,F,27,F,18,F,4,M,3,D,5,D,29,D,2,D
69384346,20200819,NaN,24,G,18,M,26,D,13,D,29,F,23,M,7,M,2,D,15,F,36,D,5,M,NaN,1,G,15,D,33,F,41,M,30,M,16,F,13,D,50,M,6,D,22,F,25,M
129166,20200822,NaN,31,G,10,F,2,D,5,D,16,M,3,D,14,F,22,M,15,D,30,F,6,M,NaN,18,G,23,M,8,M,26,D,37,M,20,D,19,D,7,M,16,F,3,D,30,M
41357872,20200822,NaN,1,G,5,M,11,F,49,F,27,M,6,M,4,D,22,D,33,D,8,M,24,D,NaN,34,G,5,D,14,M,30,M,31,M,32,D,35,F,27,M,4,F,20,D,11,F
41357874,20200822,NaN,1,G,15,D,33,F,41,M,30,M,16,F,13,D,50,M,6,D,22,F,25,M,NaN,44,G,4,D,8,M,26,D,28,M,37,M,19,D,7,M,13,F,40,M,3,D
41357877,20200822,NaN,22,G,15,D,40,M,31,F,14,M,4,M,3,D,11,F,5,D,29,D,19,D,NaN,1,G,3,M,27,D,14,F,11,F,30,F,5,D,7,M,41,M,8,M,20,D
41357879,20200822,NaN,21,G,6,M,30,F,5,D,9,F,17,F,44,D,33,D,13,D,26,M,25,D,NaN,21,G,25,M,15,D,5,M,6,M,17,M,20,F,10,M,2,D,16,D,22,D
132037,20200823,NaN,1,G,26,D,3,D,44,F,8,M,25,F,10,F,23,D,4,D,15,M,16,F,NaN,1,G,9,F,6,M,8,M,18,M,41,M,5,M,22,M,7,D,4,D,13,D
132038,20200823,NaN,1,G,15,D,33,F,41,M,30,M,16,F,13,D,50,M,6,D,22,F,25,M,NaN,34,G,5,D,14,M,30,M,31,M,32,D,35,F,27,M,4,F,20,D,11,F
132039,20200823,NaN,21,G,25,M,15,D,5,M,6,M,17,M,20,F,10,M,2,D,14,D,22,D,NaN,27,G,26,D,13,D,45,D,16,M,20,F,4,D,7,M,15,F,36,D,5,M
132040,20200823,NaN,33,G,11,F,44,M,20,M,4,D,22,D,31,M,3,D,9,F,7,M,6,D,NaN,25,G,20,F,6,D,4,D,2,M,22,D,8,D,13,F,10,M,16,M,3,D
132041,20200823,NaN,31,G,5,D,7,M,8,M,33,D,39,D,20,M,9,F,22,D,4,M,11,M,NaN,1,G,19,D,14,M,3,D,21,M,8,M,10,M,18,F,5,D,15,M,33,F
132042,20200823,NaN,22,G,7,M,40,M,31,F,16,F,18,F,4,M,3,D,5,D,29,D,2,D,NaN,23,G,4,D,8,M,33,M,7,M,3,D,6,D,10,M,22,M,14,F,20,D
132043,20200823,NaN,1,G,27,D,29,M,45,F,9,F,6,D,5,D,16,M,7,M,41,M,20,D,NaN,1,G,13,F,9,F,11,F,38,F,17,D,6,M,22,D,33,D,14,M,19,M
132044,20200823,NaN,1,G,6,M,19,D,8,M,37,F,5,D,9,F,13,D,23,F,38,F,25,D,NaN,38,G,9,F,18,M,23,D,29,M,19,D,44,M,6,M,2,D,25,M,39,F
41357881,20200823,NaN,24,G,18,M,26,D,13,D,29,F,23,M,7,M,2,D,15,F,36,D,5,M,NaN,1,G,19,D,4,D,3,D,27,D,29,M,8,M,10,M,18,F,15,M,33,F
41357883,20200823,NaN,39,G,11,F,10,F,2,D,5,D,16,M,14,F,22,M,18,D,7,M,17,M,NaN,1,G,11,F,6,M,8,M,41,M,5,M,2,D,19,M,25,M,4,D,13,D
41357886,20200823,NaN,1,G,27,F,3,D,34,D,44,F,25,F,23,D,4,D,15,M,2,M,16,F,NaN,1,G,20,F,24,D,23,D,29,M,19,D,6,M,2,D,8,M,25,M,10,M
41357889,20200823,NaN,17,G,4,D,8,M,24,D,9,F,27,M,13,D,14,F,25,D,20,D,39,M,NaN,31,G,7,M,8,M,33,D,39,D,20,M,9,F,37,M,16,D,4,M,11,M
41357892,20200823,NaN,25,G,38,D,6,D,23,M,2,M,32,M,19,D,8,D,13,F,11,F,16,M,NaN,13,G,28,M,15,M,44,M,24,F,37,D,49,D,5,D,8,M,9,F,32,D
132519,20200826,NaN,33,G,28,M,15,M,24,F,4,D,45,M,22,D,8,M,7,M,32,D,6,D,NaN,31,G,14,D,7,M,6,M,8,M,33,D,26,M,39,D,20,M,9,F,37,M
132520,20200826,NaN,18,G,5,M,13,F,11,F,49,F,6,M,22,D,33,D,24,D,14,M,25,M,NaN,1,G,11,F,30,F,8,M,10,M,41,M,5,M,2,D,25,M,4,D,13,D
132521,20200826,NaN,1,G,6,M,27,D,37,F,43,F,9,F,44,D,33,D,13,D,16,D,38,F,NaN,1,G,5,D,14,M,8,M,32,D,27,M,18,M,10,M,4,F,3,D,7,F
41357896,20200828,NaN,24,G,18,M,26,D,13,D,29,F,23,M,7,M,2,D,15,F,36,D,5,M,NaN,39,G,11,F,10,F,2,D,5,D,16,M,14,F,22,M,18,D,7,M,17,M
41357899,20200829,NaN,34,G,5,D,14,M,30,M,31,M,32,D,35,F,27,M,4,F,20,D,11,F,NaN,1,G,11,F,6,M,8,M,41,M,5,M,2,D,19,M,25,M,4,D,13,D
41357903,20200829,NaN,44,G,4,D,8,M,26,D,28,M,37,M,19,D,7,M,13,F,40,M,3,D,NaN,21,G,6,M,30,F,5,D,9,F,17,F,44,D,33,D,13,D,26,M,25,D
41357910,20200829,NaN,1,G,27,F,3,D,34,D,44,F,25,F,23,D,4,D,15,M,2,M,16,F,NaN,22,G,15,D,40,M,31,F,14,M,4,M,3,D,11,F,5,D,29,D,19,D
41357913,20200829,NaN,1,G,15,D,33,F,41,M,30,M,16,F,13,D,50,M,6,D,22,F,25,M,NaN,31,G,7,M,8,M,33,D,39,D,20,M,9,F,37,M,16,D,4,M,11,M
41357917,20200829,NaN,21,G,25,M,15,D,5,M,6,M,17,M,20,F,10,M,2,D,16,D,22,D,NaN,1,G,19,D,4,D,3,D,27,D,29,M,8,M,10,M,18,F,15,M,33,F
41357920,20200829,NaN,1,G,20,F,24,D,23,D,29,M,19,D,6,M,2,D,8,M,25,M,10,M,NaN,13,G,28,M,15,M,44,M,24,F,37,D,49,D,5,D,8,M,9,F,32,D
41357924,20200829,NaN,17,G,4,D,8,M,24,D,9,F,27,M,13,D,14,F,25,D,20,D,39,M,NaN,1,G,3,M,27,D,14,F,11,F,30,F,5,D,7,M,41,M,8,M,20,D
41357927,20200829,NaN,25,G,38,D,6,D,23,M,2,M,32,M,19,D,8,D,13,F,11,F,16,M,NaN,1,G,5,M,11,F,49,F,27,M,6,M,4,D,22,D,33,D,8,M,24,D
589034,20200829,NaN,18,G,5,M,13,F,9,F,3,D,17,D,41,M,14,M,19,M,44,D,25,M,NaN,1,G,6,M,19,D,8,M,5,D,9,F,17,F,44,D,23,F,38,F,25,D
589040,20200829,NaN,1,G,19,D,4,D,3,D,9,F,27,D,21,M,8,M,5,D,15,M,33,F,NaN,33,G,11,F,20,M,45,M,22,D,31,M,37,D,3,D,8,M,9,F,32,D
589073,20200829,NaN,1,G,5,D,14,M,32,D,27,M,18,M,10,M,4,F,20,D,11,F,7,F,NaN,1,G,3,D,34,D,44,F,8,M,25,F,10,F,23,D,4,D,15,M,16,F
589091,20200829,NaN,23,G,4,D,8,M,33,M,7,M,3,D,6,D,10,M,22,M,14,F,20,D,NaN,31,G,14,D,7,M,33,D,19,F,39,D,20,M,9,F,37,M,4,M,11,M
589117,20200829,NaN,1,G,9,F,34,M,30,F,20,F,6,M,17,D,22,M,2,D,19,M,7,D,NaN,39,G,10,F,24,D,2,D,16,M,21,D,22,M,15,D,30,F,6,M,20,M
589132,20200829,NaN,38,G,9,F,18,M,23,D,19,D,44,M,2,D,8,M,25,M,39,F,10,M,NaN,27,G,26,D,14,M,13,D,45,D,16,M,4,D,29,F,7,M,36,D,5,M
589177,20200829,NaN,25,G,38,D,6,D,23,M,2,M,32,M,19,D,8,D,13,F,11,F,16,M,NaN,1,G,15,D,33,F,41,M,30,M,16,F,13,D,50,M,6,D,22,F,25,M
589200,20200829,NaN,1,G,27,D,29,M,45,F,6,D,30,F,5,D,7,M,41,M,8,M,20,D,NaN,22,G,7,M,40,M,14,M,27,F,18,F,4,M,3,D,5,D,29,D,2,D
15183,20200830,NaN,44,G,9,F,4,D,8,M,26,D,37,M,19,D,7,M,16,F,14,M,30,M,NaN,21,G,25,M,15,D,5,M,13,F,17,M,20,F,10,M,2,D,16,D,22,D
1298846,20200905,NaN,1,G,48,F,5,D,14,M,32,D,27,M,10,M,4,F,20,D,11,F,7,F,NaN,38,G,9,F,18,M,23,D,19,D,44,M,6,M,2,D,8,M,39,F,10,M
1298847,20200905,NaN,1,G,26,D,3,D,44,F,25,F,10,F,23,D,4,D,15,M,2,M,16,F,NaN,31,G,14,D,8,M,33,D,26,M,39,D,20,M,9,F,37,M,4,M,11,M
1298848,20200905,NaN,18,G,38,M,19,F,41,M,30,M,31,D,28,M,3,D,7,F,4,M,22,F,NaN,18,G,9,F,4,D,23,M,8,M,26,D,37,M,6,M,29,D,7,M,30,M
1298849,20200905,NaN,39,G,11,F,10,F,2,D,5,D,21,D,22,M,15,D,30,F,6,M,20,M,NaN,23,G,4,D,8,M,28,M,24,D,7,M,2,D,10,M,13,D,20,D,19,F
1298850,20200905,NaN,1,G,6,M,37,F,5,D,43,F,9,F,17,F,39,M,44,D,13,D,25,D,NaN,1,G,9,F,6,M,8,M,10,M,18,M,41,M,5,M,7,D,4,D,13,D
1298851,20200905,NaN,22,G,7,M,49,D,16,F,8,M,18,F,4,M,3,D,5,D,29,D,2,D,NaN,33,G,27,F,11,F,44,M,20,M,4,D,22,D,31,M,3,D,7,M,6,D
1298852,20200905,NaN,25,G,20,F,38,D,6,D,4,D,18,M,2,M,22,D,8,D,13,F,16,M,NaN,1,G,5,M,9,F,11,F,3,D,41,M,6,M,4,D,33,D,24,D,19,M
1298853,20200905,NaN,27,G,26,D,13,D,45,D,16,M,4,D,29,F,7,M,15,F,36,D,5,M,NaN,1,G,19,D,4,D,3,D,9,F,29,M,8,M,10,M,5,D,15,M,33,F
1298855,20200905,NaN,21,G,15,D,5,M,17,M,9,F,10,M,8,F,2,D,16,D,22,D,3,D,NaN,1,G,27,D,29,M,45,F,6,D,30,F,5,D,7,M,41,M,8,M,20,D
1301028,20200909,NaN,1,G,11,F,30,F,6,M,10,M,41,M,5,M,2,D,19,M,4,D,13,D,NaN,18,G,5,M,9,F,11,F,3,D,17,D,6,M,22,D,33,D,24,D,14,M
1301029,20200909,NaN,33,G,27,F,11,F,20,M,4,D,45,M,37,D,47,D,8,M,7,M,6,D,NaN,18,G,4,D,26,D,28,M,37,M,6,M,19,D,13,F,16,F,30,M,15,F
1301030,20200909,NaN,31,G,14,D,7,M,6,M,8,M,33,D,26,M,39,D,20,M,9,F,37,M,NaN,27,G,26,D,19,F,45,D,16,M,29,F,23,M,7,M,15,F,36,D,5,M
1301031,20200909,NaN,17,G,4,D,28,M,7,M,27,M,2,D,6,D,10,M,14,F,20,D,19,F,NaN,1,G,19,D,4,D,3,D,9,F,29,M,8,M,10,M,5,D,15,M,33,F
1301032,20200909,NaN,22,G,7,M,9,F,49,D,8,M,27,F,4,M,3,D,11,F,5,D,29,D,NaN,25,G,20,F,38,D,6,D,23,M,4,D,18,M,2,M,22,D,8,D,13,F
1301033,20200909,NaN,38,G,9,F,14,F,24,D,23,D,29,M,19,D,3,D,8,M,30,M,25,M,NaN,39,G,11,F,10,F,2,D,5,D,16,M,21,D,14,F,22,M,6,M,13,M
1301034,20200909,NaN,21,G,25,M,15,D,5,M,17,M,9,F,10,M,2,D,14,D,22,D,3,D,NaN,1,G,48,F,5,D,30,M,31,M,32,D,27,M,19,M,33,F,20,D,3,D
1301035,20200909,NaN,1,G,11,M,3,D,34,D,44,F,10,F,23,D,4,D,15,M,2,M,16,F,NaN,1,G,19,D,27,D,8,M,37,F,9,F,44,D,13,D,23,F,16,D,38,F
1301036,20200909,NaN,1,G,27,D,29,M,28,D,45,F,30,F,10,M,5,D,16,M,41,M,20,D,NaN,18,G,2,M,19,F,41,M,30,M,23,M,31,D,28,M,3,D,7,F,50,M
41357929,20200911,NaN,34,G,5,D,14,M,30,M,31,M,32,D,35,F,27,M,4,F,20,D,11,F,NaN,21,G,25,M,15,D,5,M,6,M,17,M,20,F,10,M,2,D,16,D,22,D
41357934,20200911,NaN,31,G,7,M,8,M,33,D,39,D,20,M,9,F,37,M,16,D,4,M,11,M,NaN,22,G,15,D,40,M,31,F,14,M,4,M,3,D,11,F,5,D,29,D,19,D
41357937,20200911,NaN,1,G,3,M,27,D,14,F,11,F,30,F,5,D,7,M,41,M,8,M,20,D,NaN,1,G,27,F,3,D,34,D,44,F,25,F,23,D,4,D,15,M,2,M,16,F
41357940,20200911,NaN,13,G,28,M,15,M,44,M,24,F,37,D,49,D,5,D,8,M,9,F,32,D,NaN,39,G,11,F,10,F,2,D,5,D,16,M,14,F,22,M,18,D,7,M,17,M
41357943,20200911,NaN,1,G,11,F,6,M,8,M,41,M,5,M,2,D,19,M,25,M,4,D,13,D,NaN,17,G,4,D,8,M,24,D,9,F,27,M,13,D,14,F,25,D,20,D,39,M
41357947,20200911,NaN,21,G,6,M,30,F,5,D,9,F,17,F,44,D,33,D,13,D,26,M,25,D,NaN,1,G,20,F,24,D,23,D,29,M,19,D,6,M,2,D,8,M,25,M,10,M
41357950,20200911,NaN,44,G,4,D,8,M,26,D,28,M,37,M,19,D,7,M,13,F,40,M,3,D,NaN,25,G,38,D,6,D,23,M,2,M,32,M,19,D,8,D,13,F,11,F,16,M
41357952,20200911,NaN,1,G,19,D,4,D,3,D,27,D,29,M,8,M,10,M,18,F,15,M,33,F,NaN,1,G,15,D,33,F,41,M,30,M,16,F,13,D,50,M,6,D,22,F,25,M
41357955,20200911,NaN,1,G,5,M,11,F,49,F,27,M,6,M,4,D,22,D,33,D,8,M,24,D,NaN,24,G,18,M,26,D,13,D,29,F,23,M,7,M,2,D,15,F,36,D,5,M
1308075,20200912,NaN,39,G,10,F,24,D,2,D,16,M,37,M,15,D,30,F,17,M,13,M,20,M,NaN,31,G,5,D,7,M,8,M,39,D,20,M,9,F,37,M,28,D,4,M,11,M
1308076,20200912,NaN,18,G,5,M,9,F,11,F,6,M,4,D,22,D,33,D,24,D,14,M,19,M,NaN,33,G,27,F,15,M,44,M,4,D,45,M,22,D,37,D,3,D,8,M,9,F
1308761,20200913,NaN,1,G,48,F,5,D,14,M,32,D,27,M,18,M,10,M,4,F,3,D,7,F,NaN,1,G,14,F,31,D,28,D,9,F,30,F,5,D,16,M,41,M,8,M,20,D
1308762,20200913,NaN,27,G,26,D,19,F,39,D,14,M,20,F,29,F,23,M,2,D,36,D,5,M,NaN,22,G,49,D,32,M,8,M,27,F,18,F,3,D,11,F,5,D,29,D,2,D
1308763,20200913,NaN,18,G,23,M,26,D,28,M,6,M,7,M,5,D,16,F,14,M,30,M,15,F,NaN,1,G,27,F,11,M,3,D,44,F,36,D,10,F,23,D,4,D,15,M,2,M
1308764,20200913,NaN,1,G,9,F,34,M,30,F,6,M,8,M,19,M,25,M,7,D,4,D,13,D,NaN,38,G,9,F,18,M,23,D,19,D,44,M,6,M,2,D,8,M,39,F,10,M
1308765,20200913,NaN,1,G,2,M,33,F,41,M,30,M,16,F,47,D,3,D,4,M,6,D,22,F,NaN,17,G,4,D,28,M,7,M,27,M,2,D,6,D,10,M,14,F,20,D,19,F
1308766,20200913,NaN,1,G,14,M,3,D,27,D,29,M,8,M,10,M,5,D,15,M,39,F,33,F,NaN,1,G,38,D,6,D,23,M,4,D,18,M,2,M,22,D,8,D,13,F,16,M
810740,20200913,NaN,21,G,37,F,5,D,9,F,17,F,44,D,33,D,13,D,26,M,15,D,25,D,NaN,21,G,25,M,15,D,6,M,17,M,9,F,10,M,2,D,16,D,22,D,3,D
1311306,20200916,NaN,33,G,11,F,44,M,20,M,45,M,22,D,47,D,3,D,9,F,7,M,6,D,NaN,22,G,7,M,9,F,15,D,23,F,16,F,14,M,32,M,4,M,5,D,2,D
1311307,20200916,NaN,1,G,5,M,9,F,11,F,6,M,4,D,22,D,33,D,8,M,24,D,25,M,NaN,21,G,25,M,15,D,6,M,49,F,9,F,8,F,2,D,14,D,22,D,3,D
1311308,20200916,NaN,1,G,38,M,19,F,23,M,31,D,8,D,47,D,13,D,14,M,36,M,25,M,NaN,1,G,5,D,14,M,31,M,27,M,18,M,19,M,4,F,20,D,3,D,11,F
1311309,20200916,NaN,21,G,6,M,27,D,8,M,17,F,18,M,44,D,45,F,13,D,23,F,16,D,NaN,39,G,2,D,5,D,23,F,37,M,21,D,14,F,22,M,6,M,17,M,20,M
41357960,20200918,NaN,1,G,27,F,3,D,34,D,44,F,25,F,23,D,4,D,15,M,2,M,16,F,NaN,34,G,5,D,14,M,30,M,31,M,32,D,35,F,27,M,4,F,20,D,11,F
41357963,20200918,NaN,1,G,15,D,33,F,41,M,30,M,16,F,13,D,50,M,6,D,22,F,25,M,NaN,21,G,6,M,30,F,5,D,9,F,17,F,44,D,33,D,13,D,26,M,25,D
41357966,20200918,NaN,22,G,15,D,40,M,31,F,14,M,4,M,3,D,11,F,5,D,29,D,19,D,NaN,1,G,20,F,24,D,23,D,29,M,19,D,6,M,2,D,8,M,25,M,10,M
41357970,20200918,NaN,39,G,11,F,10,F,2,D,5,D,16,M,14,F,22,M,18,D,7,M,17,M,NaN,1,G,5,M,11,F,49,F,27,M,6,M,4,D,22,D,33,D,8,M,24,D
41357973,20200918,NaN,24,G,18,M,26,D,13,D,29,F,23,M,7,M,2,D,15,F,36,D,5,M,NaN,31,G,7,M,8,M,33,D,39,D,20,M,9,F,37,M,16,D,4,M,11,M
41357976,20200918,NaN,1,G,11,F,6,M,8,M,41,M,5,M,2,D,19,M,25,M,4,D,13,D,NaN,25,G,38,D,6,D,23,M,2,M,32,M,19,D,8,D,13,F,11,F,16,M
41357979,20200918,NaN,21,G,25,M,15,D,5,M,6,M,17,M,20,F,10,M,2,D,16,D,22,D,NaN,1,G,3,M,27,D,14,F,11,F,30,F,5,D,7,M,41,M,8,M,20,D
41357983,20200918,NaN,17,G,4,D,8,M,24,D,9,F,27,M,13,D,14,F,25,D,20,D,39,M,NaN,44,G,4,D,8,M,26,D,28,M,37,M,19,D,7,M,13,F,40,M,3,D
41357986,20200918,NaN,13,G,28,M,15,M,44,M,24,F,37,D,49,D,5,D,8,M,9,F,32,D,NaN,1,G,19,D,4,D,3,D,27,D,29,M,8,M,10,M,18,F,15,M,33,F
1298854,20200919,NaN,18,G,2,M,15,D,33,F,41,M,30,M,16,F,28,M,4,M,6,D,22,F,NaN,21,G,27,D,8,M,37,F,5,D,9,F,17,F,18,M,33,D,13,D,15,D
1311348,20200919,NaN,1,G,48,F,5,D,14,M,31,M,32,D,27,M,4,F,20,D,3,D,7,F,NaN,1,G,19,D,4,D,9,F,27,D,29,M,8,M,10,M,5,D,15,M,33,F
1311349,20200919,NaN,1,G,3,D,34,D,44,F,25,F,10,F,23,D,4,D,15,M,2,M,16,F,NaN,1,G,5,M,11,F,3,D,49,F,6,M,22,D,33,D,8,M,24,D,25,M
1311350,20200919,NaN,21,G,25,M,15,D,5,M,6,M,17,M,20,F,10,M,2,D,16,D,22,D,NaN,31,G,14,D,7,M,8,M,33,D,39,D,20,M,9,F,37,M,4,M,11,M
1311351,20200919,NaN,25,G,38,D,6,D,5,D,23,M,4,D,18,M,2,M,8,D,13,F,16,M,NaN,39,G,11,F,10,F,5,D,16,M,14,F,22,M,7,M,30,F,6,M,20,M
1311352,20200919,NaN,17,G,4,D,28,M,7,M,27,M,50,D,10,M,13,D,14,F,20,D,19,F,NaN,1,G,9,F,18,M,23,D,29,M,19,D,6,M,2,D,8,M,25,M,10,M
1314465,20200920,NaN,22,G,7,M,32,M,8,M,27,F,18,F,4,M,3,D,11,F,5,D,29,D,NaN,44,G,9,F,26,D,28,M,6,M,19,D,7,M,5,D,16,F,14,M,15,F
1314466,20200920,NaN,33,G,27,F,28,M,15,M,44,M,20,M,4,D,37,D,3,D,7,M,6,D,NaN,27,G,26,D,19,F,14,M,13,D,45,D,43,D,20,F,23,M,7,M,5,M
1314467,20200920,NaN,1,G,29,M,14,F,31,D,45,F,6,D,10,M,5,D,41,M,8,M,20,D,NaN,1,G,11,F,6,M,8,M,10,M,41,M,5,M,2,D,19,M,4,D,13,D
1315405,20200923,NaN,1,G,48,F,14,M,30,M,31,M,32,D,27,M,4,F,20,D,3,D,7,F,NaN,17,G,4,D,28,M,33,M,7,M,27,M,50,D,10,M,13,D,14,F,25,D
1315406,20200923,NaN,33,G,11,F,20,M,4,D,45,M,31,M,37,D,3,D,9,F,7,M,6,D,NaN,21,G,25,M,15,D,5,M,6,M,17,M,20,F,10,M,2,D,14,D,22,D
1315407,20200923,NaN,1,G,19,D,14,M,3,D,9,F,27,D,29,M,8,M,10,M,18,F,15,M,NaN,1,G,27,F,3,D,34,D,44,F,25,F,23,D,4,D,15,M,2,M,16,F
1315408,20200923,NaN,31,G,5,D,6,M,33,D,26,M,39,D,25,M,9,F,37,M,4,M,11,M,NaN,25,G,38,D,6,D,23,M,4,D,18,M,2,M,19,D,8,D,13,F,16,M
1315409,20200923,NaN,1,G,9,F,34,M,30,F,6,M,14,M,2,D,19,M,25,M,4,D,13,D,NaN,44,G,4,D,8,M,37,M,6,M,5,D,11,F,13,F,46,M,22,M,14,M
1315410,20200923,NaN,22,G,7,M,23,F,49,D,16,F,32,M,8,M,10,M,3,D,5,D,29,D,NaN,1,G,20,F,24,D,23,D,26,M,19,D,44,M,3,D,30,M,25,M,10,M
1315411,20200923,NaN,1,G,5,M,11,F,49,F,27,M,6,M,4,D,22,D,8,M,24,D,25,M,NaN,1,G,2,M,38,M,19,F,30,M,28,M,7,F,4,M,6,D,22,F,36,M
1315412,20200923,NaN,39,G,11,F,10,F,2,D,5,D,16,M,37,M,22,M,18,D,6,M,17,M,NaN,1,G,27,D,29,M,31,D,45,F,9,F,6,D,30,F,5,D,7,M,24,M
1315413,20200923,NaN,21,G,6,M,8,M,37,F,9,F,17,F,18,M,13,D,26,M,15,D,16,D,NaN,24,G,19,F,39,D,13,D,29,F,37,M,3,M,6,M,2,D,15,F,36,D
1316508,20200926,NaN,1,G,26,D,11,M,3,D,25,F,23,D,17,F,4,D,15,M,2,M,16,F,NaN,39,G,10,F,2,D,16,M,23,F,14,F,22,M,18,D,7,M,17,M,20,M
1316509,20200926,NaN,1,G,29,M,14,F,31,D,45,F,6,D,10,M,5,D,41,M,8,M,20,D,NaN,44,G,4,D,26,D,28,M,37,M,19,D,7,M,40,M,16,F,3,D,30,M
1316510,20200926,NaN,1,G,5,M,11,F,49,F,27,M,4,D,8,M,24,D,14,M,44,D,25,M,NaN,34,G,14,M,30,M,31,M,32,D,35,F,27,M,4,F,20,D,3,D,7,F
41357989,20200926,NaN,31,G,7,M,8,M,33,D,39,D,20,M,9,F,37,M,16,D,4,M,11,M,NaN,1,G,27,F,3,D,34,D,44,F,25,F,23,D,4,D,15,M,2,M,16,F
41357992,20200926,NaN,1,G,3,M,27,D,14,F,11,F,30,F,5,D,7,M,41,M,8,M,20,D,NaN,44,G,4,D,8,M,26,D,28,M,37,M,19,D,7,M,13,F,40,M,3,D
41357996,20200926,NaN,13,G,28,M,15,M,44,M,24,F,37,D,49,D,5,D,8,M,9,F,32,D,NaN,1,G,11,F,6,M,8,M,41,M,5,M,2,D,19,M,25,M,4,D,13,D
41357999,20200926,NaN,21,G,6,M,30,F,5,D,9,F,17,F,44,D,33,D,13,D,26,M,25,D,NaN,24,G,18,M,26,D,13,D,29,F,23,M,7,M,2,D,15,F,36,D,5,M
41358002,20200926,NaN,25,G,38,D,6,D,23,M,2,M,32,M,19,D,8,D,13,F,11,F,16,M,NaN,21,G,25,M,15,D,5,M,6,M,17,M,20,F,10,M,2,D,16,D,22,D
41358006,20200926,NaN,1,G,19,D,4,D,3,D,27,D,29,M,8,M,10,M,18,F,15,M,33,F,NaN,39,G,11,F,10,F,2,D,5,D,16,M,14,F,22,M,18,D,7,M,17,M
41358010,20200926,NaN,1,G,5,M,11,F,49,F,27,M,6,M,4,D,22,D,33,D,8,M,24,D,NaN,22,G,15,D,40,M,31,F,14,M,4,M,3,D,11,F,5,D,29,D,19,D
41358012,20200926,NaN,1,G,20,F,24,D,23,D,29,M,19,D,6,M,2,D,8,M,25,M,10,M,NaN,17,G,4,D,8,M,24,D,9,F,27,M,13,D,14,F,25,D,20,D,39,M
41358016,20200926,NaN,34,G,5,D,14,M,30,M,31,M,32,D,35,F,27,M,4,F,20,D,11,F,NaN,1,G,15,D,33,F,41,M,30,M,16,F,13,D,50,M,6,D,22,F,25,M
1316959,20200927,NaN,27,G,18,M,26,D,13,D,29,F,23,M,7,M,2,D,15,F,36,D,5,M,NaN,21,G,25,M,15,D,6,M,17,M,20,F,8,F,2,D,16,D,22,D,3,D
1316960,20200927,NaN,1,G,2,M,38,M,33,F,41,M,16,F,7,F,4,M,6,D,22,F,36,M,NaN,33,G,27,F,28,M,15,M,44,M,4,D,45,M,37,D,49,D,9,F,32,D
1316961,20200927,NaN,31,G,14,D,7,M,6,M,30,M,33,D,20,M,9,F,16,D,28,D,11,M,NaN,22,G,15,D,40,M,16,F,14,M,4,M,3,D,11,F,5,D,29,D,19,D
1316962,20200927,NaN,1,G,9,F,18,M,24,D,23,D,29,M,19,D,6,M,3,D,8,M,10,M,NaN,1,G,19,D,4,D,3,D,9,F,27,D,29,M,8,M,10,M,18,F,15,M
1316963,20200927,NaN,17,G,4,D,28,M,33,M,7,M,27,M,50,D,10,M,13,D,14,F,25,D,NaN,21,G,27,D,8,M,5,D,9,F,17,F,45,F,13,D,26,M,15,D,25,D
1316964,20200927,NaN,25,G,38,D,6,D,5,D,23,M,18,M,2,M,32,M,19,D,13,F,16,M,NaN,1,G,11,F,30,F,6,M,8,M,41,M,5,M,25,M,7,D,4,D,13,D
1319058,20200930,NaN,21,G,6,M,8,M,37,F,43,F,18,M,33,D,13,D,15,D,16,D,38,F,NaN,18,G,2,M,19,F,33,F,41,M,30,M,31,D,28,M,7,F,4,M,50,M
1319264,20200930,NaN,1,G,5,M,11,F,49,F,27,M,6,M,22,D,33,D,8,M,24,D,25,M,NaN,1,G,11,M,3,D,44,F,25,F,23,D,6,D,4,D,15,M,2,M,16,F
1319265,20200930,NaN,1,G,3,M,27,D,29,M,9,F,30,F,10,M,5,D,7,M,24,M,20,D,NaN,33,G,27,F,11,F,20,M,4,D,45,M,22,D,31,M,3,D,7,M,6,D
41358020,20201002,NaN,1,G,27,F,3,D,34,D,44,F,25,F,23,D,4,D,15,M,2,M,16,F,NaN,39,G,11,F,10,F,2,D,5,D,16,M,14,F,22,M,18,D,7,M,17,M
1323661,20201003,NaN,34,G,5,D,14,M,30,M,31,M,32,D,35,F,27,M,4,F,20,D,11,F,NaN,24,G,18,M,26,D,13,D,29,F,23,M,7,M,2,D,15,F,36,D,5,M
1323662,20201003,NaN,21,G,25,M,15,D,5,M,6,M,17,M,20,F,10,M,2,D,16,D,22,D,NaN,1,G,11,F,6,M,8,M,41,M,5,M,2,D,19,M,25,M,4,D,13,D
1323663,20201003,NaN,44,G,4,D,8,M,26,D,28,M,37,M,19,D,7,M,13,F,40,M,3,D,NaN,17,G,4,D,8,M,24,D,9,F,27,M,13,D,14,F,25,D,20,D,39,M
1323664,20201003,NaN,1,G,9,F,18,M,24,D,23,D,29,M,19,D,6,M,3,D,8,M,10,M,NaN,18,G,2,M,19,F,33,F,41,M,30,M,31,D,28,M,7,F,4,M,50,M
1323665,20201003,NaN,1,G,19,D,4,D,3,D,27,D,29,M,8,M,10,M,18,F,15,M,33,F,NaN,31,G,7,M,8,M,33,D,39,D,20,M,9,F,37,M,16,D,4,M,11,M
1323666,20201003,NaN,22,G,15,D,40,M,31,F,14,M,4,M,3,D,11,F,5,D,29,D,19,D,NaN,39,G,11,F,10,F,2,D,5,D,16,M,14,F,22,M,18,D,7,M,17,M
41358023,20201003,NaN,1,G,5,M,11,F,49,F,27,M,6,M,4,D,22,D,33,D,8,M,24,D,NaN,1,G,11,F,6,M,8,M,41,M,5,M,2,D,19,M,25,M,4,D,13,D
41358026,20201003,NaN,22,G,15,D,40,M,31,F,14,M,4,M,3,D,11,F,5,D,29,D,19,D,NaN,21,G,6,M,30,F,5,D,9,F,17,F,44,D,33,D,13,D,26,M,25,D
41358029,20201003,NaN,21,G,25,M,15,D,5,M,6,M,17,M,20,F,10,M,2,D,16,D,22,D,NaN,1,G,15,D,33,F,41,M,30,M,16,F,13,D,50,M,6,D,22,F,25,M
41358033,20201003,NaN,44,G,4,D,8,M,26,D,28,M,37,M,19,D,7,M,13,F,40,M,3,D,NaN,1,G,20,F,24,D,23,D,29,M,19,D,6,M,2,D,8,M,25,M,10,M
41358036,20201003,NaN,17,G,4,D,8,M,24,D,9,F,27,M,13,D,14,F,25,D,20,D,39,M,NaN,1,G,19,D,4,D,3,D,27,D,29,M,8,M,10,M,18,F,15,M,33,F
41358041,20201003,NaN,31,G,7,M,8,M,33,D,39,D,20,M,9,F,37,M,16,D,4,M,11,M,NaN,1,G,3,M,27,D,14,F,11,F,30,F,5,D,7,M,41,M,8,M,20,D
41358046,20201003,NaN,34,G,5,D,14,M,30,M,31,M,32,D,35,F,27,M,4,F,20,D,11,F,NaN,13,G,28,M,15,M,44,M,24,F,37,D,49,D,5,D,8,M,9,F,32,D
41358050,20201003,NaN,24,G,18,M,26,D,13,D,29,F,23,M,7,M,2,D,15,F,36,D,5,M,NaN,25,G,38,D,6,D,23,M,2,M,32,M,19,D,8,D,13,F,11,F,16,M
1324031,20201004,NaN,25,G,38,D,6,D,23,M,2,M,32,M,19,D,8,D,13,F,11,F,16,M,NaN,13,G,28,M,15,M,44,M,24,F,37,D,49,D,5,D,8,M,9,F,32,D
1324032,20201004,NaN,21,G,6,M,30,F,5,D,9,F,17,F,44,D,33,D,13,D,26,M,25,D,NaN,1,G,5,M,11,F,49,F,27,M,6,M,4,D,22,D,33,D,8,M,24,D
1324033,20201004,NaN,1,G,3,M,27,D,14,F,11,F,30,F,5,D,7,M,41,M,8,M,20,D,NaN,1,G,27,F,3,D,34,D,44,F,25,F,23,D,4,D,15,M,2,M,16,F
1325678,20201007,NaN,18,G,2,M,19,F,41,M,30,M,28,M,7,F,4,M,50,M,6,D,22,F,NaN,1,G,14,M,4,D,9,F,27,D,21,M,10,M,17,D,15,M,39,F,13,D
1326261,20201010,NaN,33,G,15,M,20,M,45,M,31,M,37,D,3,D,9,F,7,M,32,D,6,D,NaN,1,G,19,D,14,M,3,D,9,F,27,D,29,M,10,M,18,F,15,M,33,F
1326262,20201010,NaN,34,G,5,D,14,M,30,M,32,D,27,M,10,M,4,F,20,D,11,F,7,F,NaN,25,G,38,D,6,D,18,M,2,M,32,M,19,D,29,M,8,D,11,F,16,M
1326263,20201010,NaN,1,G,27,F,3,D,34,D,44,F,25,F,23,D,4,D,15,M,2,M,16,F,NaN,21,G,15,D,5,M,6,M,17,M,20,F,10,M,8,F,2,D,16,D,22,D
1326264,20201010,NaN,1,G,11,F,10,F,5,D,28,M,16,M,37,M,22,M,18,D,7,M,17,M,NaN,1,G,20,F,24,D,23,D,26,M,19,D,2,D,8,M,30,M,25,M,10,M
1326265,20201010,NaN,17,G,4,D,8,M,24,D,9,F,27,M,10,M,14,F,25,D,20,D,39,M,NaN,1,G,5,M,11,F,49,F,27,M,6,M,4,D,22,D,8,M,24,D,25,M
1326266,20201010,NaN,31,G,14,D,7,M,8,M,33,D,39,D,20,M,9,F,37,M,4,M,11,M,NaN,44,G,4,D,26,D,28,M,37,M,19,D,7,M,13,F,16,F,3,D,30,M
1326267,20201010,NaN,21,G,27,D,8,M,37,F,5,D,43,F,39,M,44,D,33,D,45,F,15,D,NaN,22,G,40,M,31,F,8,M,10,M,4,M,3,D,11,F,5,D,29,D,19,D
1326268,20201010,NaN,1,G,11,F,34,M,30,F,10,M,18,M,14,M,17,D,5,M,25,M,7,D,NaN,27,G,42,F,18,M,43,D,29,F,23,M,37,M,7,M,2,D,36,D,5,M
1326269,20201010,NaN,18,G,2,M,20,F,33,F,41,M,30,M,31,D,28,M,50,M,6,D,22,F,NaN,1,G,3,M,27,D,11,F,31,D,9,F,30,F,10,M,5,D,41,M,8,M
1326768,20201014,NaN,18,G,2,M,9,M,15,D,33,F,41,M,23,M,28,M,7,F,4,M,6,D,NaN,31,G,14,D,6,M,26,M,39,D,41,M,20,M,9,F,37,M,28,D,11,M
1326769,20201014,NaN,28,G,13,F,9,F,3,D,38,F,17,D,41,M,14,M,19,M,44,D,23,D,NaN,22,G,9,F,15,D,40,M,16,F,10,M,4,M,3,D,11,F,5,D,29,D
1326770,20201014,NaN,1,G,24,D,23,D,29,M,19,D,6,M,2,D,8,M,25,M,39,F,10,M,NaN,1,G,9,F,34,M,6,M,8,M,41,M,2,D,19,M,25,M,4,D,13,D
1326771,20201014,NaN,17,G,4,D,8,M,24,D,9,F,27,M,10,M,14,F,25,D,20,D,39,M,NaN,1,G,3,M,27,D,11,F,31,D,9,F,30,F,5,D,7,M,24,M,8,M
1326772,20201014,NaN,1,G,19,D,14,M,3,D,27,D,29,M,8,M,10,M,18,F,15,M,33,F,NaN,21,G,6,M,37,F,5,D,9,F,17,F,44,D,33,D,26,M,15,D,25,D
1326773,20201014,NaN,33,G,27,F,11,F,22,D,31,M,3,D,8,M,9,F,7,M,32,D,6,D,NaN,31,G,11,F,10,F,5,D,28,M,16,M,37,M,21,D,22,M,7,M,30,F
1326774,20201014,NaN,27,G,42,F,18,M,13,D,43,D,29,F,7,M,2,D,8,M,36,D,5,M,NaN,44,G,4,D,23,M,28,M,37,M,19,D,7,M,13,F,14,M,3,D,30,M
1326775,20201014,NaN,21,G,25,M,5,M,6,M,17,M,20,F,10,M,14,D,16,D,22,D,3,D,NaN,25,G,38,D,6,D,23,M,28,D,4,D,2,M,32,M,8,D,13,F,11,F
1326776,20201014,NaN,1,G,26,D,11,M,3,D,34,D,25,F,17,F,4,D,15,M,2,M,16,F,NaN,34,G,5,D,14,M,30,M,32,D,27,M,10,M,4,F,20,D,11,F,7,F
1326777,20201017,NaN,21,G,25,M,5,M,6,M,17,M,20,F,10,M,14,D,16,D,22,D,3,D,NaN,21,G,6,M,37,F,5,D,9,F,17,F,44,D,33,D,26,M,15,D,25,D
41358054,20201017,NaN,1,G,19,D,14,M,3,D,27,D,29,M,8,M,10,M,18,F,15,M,33,F,NaN,28,G,13,F,9,F,3,D,38,F,17,D,41,M,14,M,19,M,44,D,23,D
41358060,20201017,NaN,18,G,2,M,9,M,15,D,33,F,41,M,23,M,28,M,7,F,4,M,6,D,NaN,27,G,42,F,18,M,13,D,43,D,29,F,7,M,2,D,8,M,36,D,5,M
41358063,20201017,NaN,1,G,24,D,23,D,29,M,19,D,6,M,2,D,8,M,25,M,39,F,10,M,NaN,34,G,5,D,14,M,30,M,32,D,27,M,10,M,4,F,20,D,11,F,7,F
41358067,20201017,NaN,25,G,38,D,6,D,23,M,28,D,4,D,2,M,32,M,8,D,13,F,11,F,NaN,17,G,4,D,8,M,24,D,9,F,27,M,10,M,14,F,25,D,20,D,39,M
41358073,20201017,NaN,31,G,11,F,10,F,5,D,28,M,16,M,37,M,21,D,22,M,7,M,30,F,NaN,21,G,25,M,5,M,6,M,17,M,20,F,10,M,14,D,16,D,22,D,3,D
41358080,20201017,NaN,44,G,4,D,23,M,28,M,37,M,19,D,7,M,13,F,14,M,3,D,30,M,NaN,22,G,9,F,15,D,40,M,16,F,10,M,4,M,3,D,11,F,5,D,29,D
41358084,20201017,NaN,1,G,9,F,34,M,6,M,8,M,41,M,2,D,19,M,25,M,4,D,13,D,NaN,31,G,14,D,6,M,26,M,39,D,41,M,20,M,9,F,37,M,28,D,11,M
41358088,20201017,NaN,33,G,27,F,11,F,22,D,31,M,3,D,8,M,9,F,7,M,32,D,6,D,NaN,1,G,26,D,11,M,3,D,34,D,25,F,17,F,4,D,15,M,2,M,16,F
41358094,20201017,NaN,1,G,3,M,27,D,11,F,31,D,9,F,30,F,5,D,7,M,24,M,8,M,NaN,21,G,6,M,37,F,5,D,9,F,17,F,44,D,33,D,26,M,15,D,25,D
1326778,20201018,NaN,34,G,5,D,14,M,30,M,32,D,27,M,10,M,4,F,20,D,11,F,7,F,NaN,31,G,14,D,6,M,26,M,39,D,41,M,20,M,9,F,37,M,28,D,11,M
1326779,20201018,NaN,44,G,4,D,23,M,28,M,37,M,19,D,7,M,13,F,14,M,3,D,30,M,NaN,33,G,27,F,11,F,22,D,31,M,3,D,8,M,9,F,7,M,32,D,6,D
1326780,20201018,NaN,22,G,9,F,15,D,40,M,16,F,10,M,4,M,3,D,11,F,5,D,29,D,NaN,1,G,19,D,14,M,3,D,27,D,29,M,8,M,10,M,18,F,15,M,33,F
1326781,20201018,NaN,31,G,11,F,10,F,5,D,28,M,16,M,37,M,21,D,22,M,7,M,30,F,NaN,18,G,2,M,9,M,15,D,33,F,41,M,23,M,28,M,7,F,4,M,6,D
1326782,20201018,NaN,25,G,6,D,23,M,4,D,2,M,32,M,26,D,19,D,8,D,13,F,11,F,NaN,17,G,8,M,33,M,9,F,27,M,50,D,10,M,13,D,14,F,25,D,20,D
1326783,20201018,NaN,1,G,3,M,27,D,11,F,31,D,9,F,30,F,5,D,7,M,24,M,8,M,NaN,27,G,42,F,18,M,13,D,43,D,29,F,7,M,2,D,8,M,36,D,5,M
1326784,20201018,NaN,1,G,24,D,23,D,29,M,19,D,6,M,2,D,8,M,25,M,39,F,10,M,NaN,28,G,13,F,9,F,3,D,38,F,17,D,41,M,14,M,19,M,44,D,23,D
1326785,20201018,NaN,1,G,9,F,6,M,18,M,41,M,14,M,5,M,2,D,25,M,4,D,13,D,NaN,1,G,26,D,11,M,3,D,34,D,44,F,25,F,4,D,15,M,2,M,16,F
1326786,20201021,NaN,25,G,38,D,6,D,4,D,18,M,2,M,26,D,8,D,13,F,11,F,16,M,NaN,1,G,2,M,9,M,38,M,33,F,41,M,30,M,16,F,31,D,28,M,7,F
1326863,20201021,NaN,1,G,5,M,9,F,11,F,17,D,22,D,8,M,21,F,14,M,19,M,25,M,NaN,31,G,14,D,7,M,8,M,36,F,39,D,20,M,37,M,28,D,4,M,11,M
1326867,20201021,NaN,1,G,27,D,30,F,43,F,18,M,39,M,44,D,33,D,26,M,15,D,25,D,NaN,1,G,11,M,3,D,44,F,36,D,25,F,6,D,4,D,15,M,2,M,16,F
1326787,20201024,NaN,34,G,5,D,14,M,30,M,31,M,32,D,27,M,10,M,4,F,20,D,7,F,NaN,44,G,9,F,4,D,23,M,28,M,19,D,7,M,13,F,14,M,3,D,30,M
1326788,20201024,NaN,1,G,11,M,3,D,44,F,36,D,25,F,6,D,4,D,15,M,2,M,16,F,NaN,27,G,18,M,14,M,9,M,30,M,43,D,29,F,23,M,3,M,36,D,5,M
1326789,20201024,NaN,31,G,14,D,7,M,8,M,36,F,39,D,20,M,37,M,28,D,4,M,11,M,NaN,1,G,14,F,24,D,23,D,19,D,7,M,2,D,8,M,25,M,39,F,10,M
1326790,20201024,NaN,1,G,19,D,14,M,9,F,27,D,29,M,8,M,10,M,15,M,39,F,13,D,NaN,17,G,8,M,33,M,9,F,27,M,50,D,10,M,13,D,14,F,25,D,20,D
1326791,20201024,NaN,1,G,3,M,27,D,11,F,31,D,9,F,30,F,5,D,7,M,24,M,8,M,NaN,21,G,25,M,15,D,6,M,17,M,20,F,10,M,14,D,16,D,22,D,3,D
1326822,20201024,NaN,33,G,27,F,11,F,45,M,31,M,37,D,3,D,8,M,9,F,32,D,6,D,NaN,1,G,27,D,30,F,43,F,18,M,39,M,44,D,33,D,26,M,15,D,25,D
1326792,20201025,NaN,1,G,2,M,9,M,38,M,33,F,41,M,30,M,16,F,31,D,28,M,7,F,NaN,25,G,38,D,6,D,4,D,18,M,2,M,26,D,8,D,13,F,11,F,16,M
1326836,20201028,NaN,33,G,27,F,11,F,45,M,31,M,37,D,3,D,8,M,9,F,32,D,6,D,NaN,17,G,8,M,33,M,9,F,27,M,50,D,10,M,13,D,14,F,25,D,20,D
1326838,20201028,NaN,27,G,18,M,14,M,9,M,30,M,43,D,29,F,23,M,3,M,36,D,5,M,NaN,1,G,5,M,9,F,11,F,17,D,22,D,8,M,21,F,14,M,19,M,25,M
1326855,20201028,NaN,1,G,14,F,24,D,23,D,19,D,7,M,2,D,8,M,25,M,39,F,10,M,NaN,1,G,27,D,30,F,43,F,18,M,39,M,44,D,33,D,26,M,15,D,25,D
1326793,20201031,NaN,27,G,18,M,14,M,9,M,30,M,43,D,29,F,23,M,3,M,36,D,5,M,NaN,1,G,14,F,24,D,23,D,19,D,7,M,2,D,8,M,25,M,39,F,10,M
1326794,20201031,NaN,22,G,7,M,40,M,49,D,27,F,18,F,3,D,11,F,5,D,29,D,19,D,NaN,1,G,3,M,27,D,11,F,31,D,9,F,30,F,5,D,7,M,24,M,8,M
1326795,20201031,NaN,25,G,38,D,6,D,4,D,18,M,2,M,26,D,8,D,13,F,11,F,16,M,NaN,44,G,9,F,4,D,23,M,28,M,19,D,7,M,13,F,14,M,3,D,30,M
1326796,20201031,NaN,17,G,8,M,33,M,9,F,27,M,50,D,10,M,13,D,14,F,25,D,20,D,NaN,31,G,11,F,10,F,2,D,5,D,28,M,16,M,37,M,3,D,14,F,22,M
1326797,20201031,NaN,31,G,14,D,7,M,8,M,36,F,39,D,20,M,37,M,28,D,4,M,11,M,NaN,1,G,11,M,3,D,44,F,36,D,25,F,6,D,4,D,15,M,2,M,16,F
1326798,20201031,NaN,1,G,19,D,14,M,9,F,27,D,29,M,8,M,10,M,15,M,39,F,13,D,NaN,34,G,5,D,14,M,30,M,31,M,32,D,27,M,10,M,4,F,20,D,7,F
41358098,20201031,NaN,1,G,19,D,14,M,9,F,27,D,29,M,8,M,10,M,15,M,39,F,13,D,NaN,1,G,11,M,3,D,44,F,36,D,25,F,6,D,4,D,15,M,2,M,16,F
41358102,20201031,NaN,22,G,7,M,40,M,49,D,27,F,18,F,3,D,11,F,5,D,29,D,19,D,NaN,17,G,8,M,33,M,9,F,27,M,50,D,10,M,13,D,14,F,25,D,20,D
41358106,20201031,NaN,21,G,25,M,15,D,6,M,17,M,20,F,10,M,14,D,16,D,22,D,3,D,NaN,1,G,14,F,24,D,23,D,19,D,7,M,2,D,8,M,25,M,39,F,10,M
41358112,20201031,NaN,1,G,5,M,9,F,11,F,17,D,22,D,8,M,21,F,14,M,19,M,25,M,NaN,1,G,2,M,9,M,38,M,33,F,41,M,30,M,16,F,31,D,28,M,7,F
41358117,20201031,NaN,25,G,38,D,6,D,4,D,18,M,2,M,26,D,8,D,13,F,11,F,16,M,NaN,31,G,11,F,10,F,2,D,5,D,28,M,16,M,37,M,3,D,14,F,22,M
41358121,20201031,NaN,1,G,9,F,6,M,18,M,41,M,14,M,5,M,2,D,25,M,4,D,13,D,NaN,1,G,3,M,27,D,11,F,31,D,9,F,30,F,5,D,7,M,24,M,8,M
41358126,20201031,NaN,31,G,14,D,7,M,8,M,36,F,39,D,20,M,37,M,28,D,4,M,11,M,NaN,44,G,9,F,4,D,23,M,28,M,19,D,7,M,13,F,14,M,3,D,30,M
41358129,20201031,NaN,27,G,18,M,14,M,9,M,30,M,43,D,29,F,23,M,3,M,36,D,5,M,NaN,33,G,27,F,11,F,45,M,31,M,37,D,3,D,8,M,9,F,32,D,6,D
41358133,20201031,NaN,1,G,27,D,30,F,43,F,18,M,39,M,44,D,33,D,26,M,15,D,25,D,NaN,34,G,5,D,14,M,30,M,31,M,32,D,27,M,10,M,4,F,20,D,7,F
1326799,20201103,NaN,27,G,18,M,14,M,9,M,30,M,43,D,29,F,23,M,3,M,36,D,5,M,NaN,17,G,8,M,33,M,9,F,27,M,50,D,10,M,13,D,14,F,25,D,20,D
1326800,20201103,NaN,1,G,9,F,6,M,18,M,41,M,14,M,5,M,2,D,25,M,4,D,13,D,NaN,34,G,5,D,14,M,30,M,31,M,32,D,27,M,10,M,4,F,20,D,7,F
1326801,20201103,NaN,1,G,2,M,9,M,38,M,33,F,41,M,30,M,16,F,31,D,28,M,7,F,NaN,1,G,11,M,3,D,44,F,36,D,25,F,6,D,4,D,15,M,2,M,16,F
1326802,20201103,NaN,1,G,14,F,24,D,23,D,19,D,7,M,2,D,8,M,25,M,39,F,10,M,NaN,1,G,3,M,27,D,11,F,31,D,9,F,30,F,5,D,7,M,24,M,8,M
1326803,20201103,NaN,21,G,25,M,15,D,6,M,17,M,20,F,10,M,14,D,16,D,22,D,3,D,NaN,1,G,19,D,14,M,9,F,27,D,29,M,8,M,10,M,15,M,39,F,13,D
1326804,20201103,NaN,31,G,11,F,10,F,2,D,5,D,28,M,16,M,37,M,3,D,14,F,22,M,NaN,1,G,5,M,9,F,11,F,17,D,22,D,8,M,21,F,14,M,19,M,25,M
1326805,20201103,NaN,25,G,38,D,6,D,4,D,18,M,2,M,26,D,8,D,13,F,11,F,16,M,NaN,1,G,27,D,30,F,43,F,18,M,39,M,44,D,33,D,26,M,15,D,25,D
1326806,20201103,NaN,44,G,9,F,4,D,23,M,28,M,19,D,7,M,13,F,14,M,3,D,30,M,NaN,22,G,7,M,40,M,49,D,27,F,18,F,3,D,11,F,5,D,29,D,19,D
41358138,20201107,NaN,31,G,11,F,10,F,2,D,5,D,28,M,16,M,37,M,3,D,14,F,22,M,NaN,1,G,2,M,9,M,38,M,33,F,41,M,30,M,16,F,31,D,28,M,7,F
41358143,20201107,NaN,1,G,14,F,24,D,23,D,19,D,7,M,2,D,8,M,25,M,39,F,10,M,NaN,1,G,5,M,9,F,11,F,17,D,22,D,8,M,21,F,14,M,19,M,25,M
41358148,20201107,NaN,1,G,11,M,3,D,44,F,36,D,25,F,6,D,4,D,15,M,2,M,16,F,NaN,1,G,27,D,30,F,43,F,18,M,39,M,44,D,33,D,26,M,15,D,25,D
41358153,20201107,NaN,34,G,5,D,14,M,30,M,31,M,32,D,27,M,10,M,4,F,20,D,7,F,NaN,22,G,7,M,40,M,49,D,27,F,18,F,3,D,11,F,5,D,29,D,19,D
41358162,20201107,NaN,44,G,9,F,4,D,23,M,28,M,19,D,7,M,13,F,14,M,3,D,30,M,NaN,1,G,9,F,6,M,18,M,41,M,14,M,5,M,2,D,25,M,4,D,13,D
41358171,20201107,NaN,17,G,8,M,33,M,9,F,27,M,50,D,10,M,13,D,14,F,25,D,20,D,NaN,27,G,18,M,14,M,9,M,30,M,43,D,29,F,23,M,3,M,36,D,5,M
41358175,20201107,NaN,1,G,3,M,27,D,11,F,31,D,9,F,30,F,5,D,7,M,24,M,8,M,NaN,25,G,38,D,6,D,4,D,18,M,2,M,26,D,8,D,13,F,11,F,16,M
41358179,20201107,NaN,33,G,27,F,11,F,45,M,31,M,37,D,3,D,8,M,9,F,32,D,6,D,NaN,21,G,25,M,15,D,6,M,17,M,20,F,10,M,14,D,16,D,22,D,3,D
41358186,20201107,NaN,31,G,14,D,7,M,8,M,36,F,39,D,20,M,37,M,28,D,4,M,11,M,NaN,1,G,19,D,14,M,9,F,27,D,29,M,8,M,10,M,15,M,39,F,13,D
1326807,20201108,NaN,27,G,18,M,14,M,9,M,30,M,43,D,29,F,23,M,3,M,36,D,5,M,NaN,1,G,2,M,9,M,38,M,33,F,41,M,30,M,16,F,31,D,28,M,7,F
1326808,20201111,NaN,1,G,9,F,6,M,18,M,41,M,14,M,5,M,2,D,25,M,4,D,13,D,NaN,33,G,27,F,11,F,45,M,31,M,37,D,3,D,8,M,9,F,32,D,6,D
1326809,20201111,NaN,1,G,14,F,24,D,23,D,19,D,7,M,2,D,8,M,25,M,39,F,10,M,NaN,1,G,11,M,3,D,44,F,36,D,25,F,6,D,4,D,15,M,2,M,16,F
1326810,20201114,NaN,1,G,11,M,3,D,44,F,36,D,25,F,6,D,4,D,15,M,2,M,16,F,NaN,33,G,27,F,11,F,45,M,31,M,37,D,3,D,8,M,9,F,32,D,6,D
1326811,20201114,NaN,34,G,5,D,14,M,30,M,31,M,32,D,27,M,10,M,4,F,20,D,7,F,NaN,1,G,2,M,9,M,38,M,33,F,41,M,30,M,16,F,31,D,28,M,7,F
1326812,20201114,NaN,1,G,14,F,24,D,23,D,19,D,7,M,2,D,8,M,25,M,39,F,10,M,NaN,44,G,9,F,4,D,23,M,28,M,19,D,7,M,13,F,14,M,3,D,30,M
1326813,20201114,NaN,1,G,5,M,9,F,11,F,17,D,22,D,8,M,21,F,14,M,19,M,25,M,NaN,25,G,38,D,6,D,4,D,18,M,2,M,26,D,8,D,13,F,11,F,16,M
1326814,20201114,NaN,1,G,19,D,14,M,9,F,27,D,29,M,8,M,10,M,15,M,39,F,13,D,NaN,27,G,18,M,14,M,9,M,30,M,43,D,29,F,23,M,3,M,36,D,5,M
1326815,20201114,NaN,31,G,11,F,10,F,2,D,5,D,28,M,16,M,37,M,3,D,14,F,22,M,NaN,21,G,25,M,15,D,6,M,17,M,20,F,10,M,14,D,16,D,22,D,3,D
1326816,20201114,NaN,1,G,27,D,30,F,43,F,18,M,39,M,44,D,33,D,26,M,15,D,25,D,NaN,1,G,3,M,27,D,11,F,31,D,9,F,30,F,5,D,7,M,24,M,8,M
1326817,20201114,NaN,31,G,14,D,7,M,8,M,36,F,39,D,20,M,37,M,28,D,4,M,11,M,NaN,1,G,9,F,6,M,18,M,41,M,14,M,5,M,2,D,25,M,4,D,13,D
1326818,20201114,NaN,17,G,8,M,33,M,9,F,27,M,50,D,10,M,13,D,14,F,25,D,20,D,NaN,22,G,7,M,40,M,49,D,27,F,18,F,3,D,11,F,5,D,29,D,19,D
1326819,20201121,NaN,44,G,9,F,4,D,23,M,28,M,19,D,7,M,13,F,14,M,3,D,30,M,NaN,1,G,5,M,9,F,11,F,17,D,22,D,8,M,21,F,14,M,19,M,25,M
1326820,20201121,NaN,27,G,18,M,14,M,9,M,30,M,43,D,29,F,23,M,3,M,36,D,5,M,NaN,31,G,14,D,7,M,8,M,36,F,39,D,20,M,37,M,28,D,4,M,11,M
1326821,20201121,NaN,34,G,5,D,14,M,30,M,31,M,32,D,27,M,10,M,4,F,20,D,7,F,NaN,31,G,11,F,10,F,2,D,5,D,28,M,16,M,37,M,3,D,14,F,22,M
1326823,20201121,NaN,1,G,3,M,27,D,11,F,31,D,9,F,30,F,5,D,7,M,24,M,8,M,NaN,1,G,19,D,14,M,9,F,27,D,29,M,8,M,10,M,15,M,39,F,13,D
1326824,20201121,NaN,1,G,11,M,3,D,44,F,36,D,25,F,6,D,4,D,15,M,2,M,16,F,NaN,25,G,38,D,6,D,4,D,18,M,2,M,26,D,8,D,13,F,11,F,16,M
1326825,20201121,NaN,21,G,25,M,15,D,6,M,17,M,20,F,10,M,14,D,16,D,22,D,3,D,NaN,1,G,14,F,24,D,23,D,19,D,7,M,2,D,8,M,25,M,39,F,10,M
1326826,20201121,NaN,22,G,7,M,40,M,49,D,27,F,18,F,3,D,11,F,5,D,29,D,19,D,NaN,1,G,9,F,6,M,18,M,41,M,14,M,5,M,2,D,25,M,4,D,13,D
1326827,20201121,NaN,17,G,8,M,33,M,9,F,27,M,50,D,10,M,13,D,14,F,25,D,20,D,NaN,1,G,2,M,9,M,38,M,33,F,41,M,30,M,16,F,31,D,28,M,7,F
41358200,20201121,NaN,1,G,19,D,14,M,9,F,27,D,29,M,8,M,10,M,15,M,39,F,13,D,NaN,25,G,38,D,6,D,4,D,18,M,2,M,26,D,8,D,13,F,11,F,16,M
41358205,20201121,NaN,22,G,7,M,40,M,49,D,27,F,18,F,3,D,11,F,5,D,29,D,19,D,NaN,27,G,18,M,14,M,9,M,30,M,43,D,29,F,23,M,3,M,36,D,5,M
41358212,20201121,NaN,21,G,25,M,15,D,6,M,17,M,20,F,10,M,14,D,16,D,22,D,3,D,NaN,17,G,8,M,33,M,9,F,27,M,50,D,10,M,13,D,14,F,25,D,20,D
41358218,20201121,NaN,1,G,2,M,9,M,38,M,33,F,41,M,30,M,16,F,31,D,28,M,7,F,NaN,1,G,11,M,3,D,44,F,36,D,25,F,6,D,4,D,15,M,2,M,16,F
41358224,20201121,NaN,1,G,27,D,30,F,43,F,18,M,39,M,44,D,33,D,26,M,15,D,25,D,NaN,1,G,5,M,9,F,11,F,17,D,22,D,8,M,21,F,14,M,19,M,25,M
41358231,20201121,NaN,33,G,27,F,11,F,45,M,31,M,37,D,3,D,8,M,9,F,32,D,6,D,NaN,31,G,14,D,7,M,8,M,36,F,39,D,20,M,37,M,28,D,4,M,11,M
41358236,20201121,NaN,1,G,3,M,27,D,11,F,31,D,9,F,30,F,5,D,7,M,24,M,8,M,NaN,31,G,11,F,10,F,2,D,5,D,28,M,16,M,37,M,3,D,14,F,22,M
41358241,20201121,NaN,1,G,9,F,6,M,18,M,41,M,14,M,5,M,2,D,25,M,4,D,13,D,NaN,1,G,14,F,24,D,23,D,19,D,7,M,2,D,8,M,25,M,39,F,10,M
41358248,20201121,NaN,34,G,5,D,14,M,30,M,31,M,32,D,27,M,10,M,4,F,20,D,7,F,NaN,44,G,9,F,4,D,23,M,28,M,19,D,7,M,13,F,14,M,3,D,30,M
1326828,20201125,NaN,1,G,9,F,6,M,18,M,41,M,14,M,5,M,2,D,25,M,4,D,13,D,NaN,1,G,19,D,14,M,9,F,27,D,29,M,8,M,10,M,15,M,39,F,13,D
1326829,20201125,NaN,44,G,9,F,4,D,23,M,28,M,19,D,7,M,13,F,14,M,3,D,30,M,NaN,31,G,11,F,10,F,2,D,5,D,28,M,16,M,37,M,3,D,14,F,22,M
1326830,20201125,NaN,25,G,38,D,6,D,4,D,18,M,2,M,26,D,8,D,13,F,11,F,16,M,NaN,1,G,14,F,24,D,23,D,19,D,7,M,2,D,8,M,25,M,39,F,10,M
1326831,20201125,NaN,31,G,14,D,7,M,8,M,36,F,39,D,20,M,37,M,28,D,4,M,11,M,NaN,17,G,8,M,33,M,9,F,27,M,50,D,10,M,13,D,14,F,25,D,20,D
1326832,20201125,NaN,1,G,2,M,9,M,38,M,33,F,41,M,30,M,16,F,31,D,28,M,7,F,NaN,27,G,18,M,14,M,9,M,30,M,43,D,29,F,23,M,3,M,36,D,5,M
1326833,20201125,NaN,22,G,7,M,40,M,49,D,27,F,18,F,3,D,11,F,5,D,29,D,19,D,NaN,21,G,25,M,15,D,6,M,17,M,20,F,10,M,14,D,16,D,22,D,3,D
1326834,20201128,NaN,1,G,19,D,14,M,9,F,27,D,29,M,8,M,10,M,15,M,39,F,13,D,NaN,1,G,2,M,9,M,38,M,33,F,41,M,30,M,16,F,31,D,28,M,7,F
1326835,20201128,NaN,1,G,9,F,6,M,18,M,41,M,14,M,5,M,2,D,25,M,4,D,13,D,NaN,1,G,27,D,30,F,43,F,18,M,39,M,44,D,33,D,26,M,15,D,25,D
1326837,20201128,NaN,31,G,14,D,7,M,8,M,36,F,39,D,20,M,37,M,28,D,4,M,11,M,NaN,1,G,3,M,27,D,11,F,31,D,9,F,30,F,5,D,7,M,24,M,8,M
1326839,20201128,NaN,1,G,11,M,3,D,44,F,36,D,25,F,6,D,4,D,15,M,2,M,16,F,NaN,22,G,7,M,40,M,49,D,27,F,18,F,3,D,11,F,5,D,29,D,19,D
1326840,20201128,NaN,21,G,25,M,15,D,6,M,17,M,20,F,10,M,14,D,16,D,22,D,3,D,NaN,44,G,9,F,4,D,23,M,28,M,19,D,7,M,13,F,14,M,3,D,30,M
1326841,20201128,NaN,1,G,14,F,24,D,23,D,19,D,7,M,2,D,8,M,25,M,39,F,10,M,NaN,34,G,5,D,14,M,30,M,31,M,32,D,27,M,10,M,4,F,20,D,7,F
1326842,20201128,NaN,31,G,11,F,10,F,2,D,5,D,28,M,16,M,37,M,3,D,14,F,22,M,NaN,25,G,38,D,6,D,4,D,18,M,2,M,26,D,8,D,13,F,11,F,16,M
41358253,20201128,NaN,31,G,11,F,10,F,2,D,5,D,28,M,16,M,37,M,3,D,14,F,22,M,NaN,34,G,5,D,14,M,30,M,31,M,32,D,27,M,10,M,4,F,20,D,7,F
41358260,20201128,NaN,1,G,14,F,24,D,23,D,19,D,7,M,2,D,8,M,25,M,39,F,10,M,NaN,1,G,19,D,14,M,9,F,27,D,29,M,8,M,10,M,15,M,39,F,13,D
41358266,20201128,NaN,21,G,25,M,15,D,6,M,17,M,20,F,10,M,14,D,16,D,22,D,3,D,NaN,44,G,9,F,4,D,23,M,28,M,19,D,7,M,13,F,14,M,3,D,30,M
41358272,20201128,NaN,1,G,5,M,9,F,11,F,17,D,22,D,8,M,21,F,14,M,19,M,25,M,NaN,31,G,14,D,7,M,8,M,36,F,39,D,20,M,37,M,28,D,4,M,11,M
41358277,20201128,NaN,25,G,38,D,6,D,4,D,18,M,2,M,26,D,8,D,13,F,11,F,16,M,NaN,1,G,11,M,3,D,44,F,36,D,25,F,6,D,4,D,15,M,2,M,16,F
41358283,20201128,NaN,1,G,9,F,6,M,18,M,41,M,14,M,5,M,2,D,25,M,4,D,13,D,NaN,22,G,7,M,40,M,49,D,27,F,18,F,3,D,11,F,5,D,29,D,19,D
41358289,20201128,NaN,17,G,8,M,33,M,9,F,27,M,50,D,10,M,13,D,14,F,25,D,20,D,NaN,1,G,2,M,9,M,38,M,33,F,41,M,30,M,16,F,31,D,28,M,7,F
41358298,20201128,NaN,27,G,18,M,14,M,9,M,30,M,43,D,29,F,23,M,3,M,36,D,5,M,NaN,1,G,3,M,27,D,11,F,31,D,9,F,30,F,5,D,7,M,24,M,8,M
41358304,20201128,NaN,1,G,27,D,30,F,43,F,18,M,39,M,44,D,33,D,26,M,15,D,25,D,NaN,33,G,27,F,11,F,45,M,31,M,37,D,3,D,8,M,9,F,32,D,6,D
1326843,20201205,NaN,44,G,9,F,4,D,23,M,28,M,19,D,7,M,13,F,14,M,3,D,30,M,NaN,1,G,2,M,9,M,38,M,33,F,41,M,30,M,16,F,31,D,28,M,7,F
1326844,20201205,NaN,25,G,38,D,6,D,4,D,18,M,2,M,26,D,8,D,13,F,11,F,16,M,NaN,1,G,19,D,14,M,9,F,27,D,29,M,8,M,10,M,15,M,39,F,13,D
1326845,20201205,NaN,17,G,8,M,33,M,9,F,27,M,50,D,10,M,13,D,14,F,25,D,20,D,NaN,1,G,11,M,3,D,44,F,36,D,25,F,6,D,4,D,15,M,2,M,16,F
1326846,20201205,NaN,34,G,5,D,14,M,30,M,31,M,32,D,27,M,10,M,4,F,20,D,7,F,NaN,21,G,25,M,15,D,6,M,17,M,20,F,10,M,14,D,16,D,22,D,3,D
1326847,20201205,NaN,1,G,27,D,30,F,43,F,18,M,39,M,44,D,33,D,26,M,15,D,25,D,NaN,31,G,14,D,7,M,8,M,36,F,39,D,20,M,37,M,28,D,4,M,11,M
1326848,20201205,NaN,33,G,27,F,11,F,45,M,31,M,37,D,3,D,8,M,9,F,32,D,6,D,NaN,1,G,14,F,24,D,23,D,19,D,7,M,2,D,8,M,25,M,39,F,10,M
1326849,20201205,NaN,1,G,5,M,9,F,11,F,17,D,22,D,8,M,21,F,14,M,19,M,25,M,NaN,1,G,3,M,27,D,11,F,31,D,9,F,30,F,5,D,7,M,24,M,8,M
1326850,20201205,NaN,22,G,7,M,40,M,49,D,27,F,18,F,3,D,11,F,5,D,29,D,19,D,NaN,27,G,18,M,14,M,9,M,30,M,43,D,29,F,23,M,3,M,36,D,5,M
1326851,20201205,NaN,31,G,11,F,10,F,2,D,5,D,28,M,16,M,37,M,3,D,14,F,22,M,NaN,1,G,9,F,6,M,18,M,41,M,14,M,5,M,2,D,25,M,4,D,13,D
41358310,20201205,NaN,34,G,5,D,14,M,30,M,31,M,32,D,27,M,10,M,4,F,20,D,7,F,NaN,27,G,18,M,14,M,9,M,30,M,43,D,29,F,23,M,3,M,36,D,5,M
41358316,20201205,NaN,31,G,14,D,7,M,8,M,36,F,39,D,20,M,37,M,28,D,4,M,11,M,NaN,1,G,14,F,24,D,23,D,19,D,7,M,2,D,8,M,25,M,39,F,10,M
41358321,20201205,NaN,1,G,3,M,27,D,11,F,31,D,9,F,30,F,5,D,7,M,24,M,8,M,NaN,1,G,5,M,9,F,11,F,17,D,22,D,8,M,21,F,14,M,19,M,25,M
41358326,20201205,NaN,33,G,27,F,11,F,45,M,31,M,37,D,3,D,8,M,9,F,32,D,6,D,NaN,17,G,8,M,33,M,9,F,27,M,50,D,10,M,13,D,14,F,25,D,20,D
41358334,20201205,NaN,44,G,9,F,4,D,23,M,28,M,19,D,7,M,13,F,14,M,3,D,30,M,NaN,31,G,11,F,10,F,2,D,5,D,28,M,16,M,37,M,3,D,14,F,22,M
41358341,20201205,NaN,1,G,11,M,3,D,44,F,36,D,25,F,6,D,4,D,15,M,2,M,16,F,NaN,21,G,25,M,15,D,6,M,17,M,20,F,10,M,14,D,16,D,22,D,3,D
41358347,20201205,NaN,1,G,19,D,14,M,9,F,27,D,29,M,8,M,10,M,15,M,39,F,13,D,NaN,1,G,27,D,30,F,43,F,18,M,39,M,44,D,33,D,26,M,15,D,25,D
41358353,20201205,NaN,1,G,2,M,9,M,38,M,33,F,41,M,30,M,16,F,31,D,28,M,7,F,NaN,1,G,9,F,6,M,18,M,41,M,14,M,5,M,2,D,25,M,4,D,13,D
41358359,20201205,NaN,22,G,7,M,40,M,49,D,27,F,18,F,3,D,11,F,5,D,29,D,19,D,NaN,25,G,38,D,6,D,4,D,18,M,2,M,26,D,8,D,13,F,11,F,16,M
1326852,20201212,NaN,1,G,3,M,27,D,11,F,31,D,9,F,30,F,5,D,7,M,24,M,8,M,NaN,25,G,38,D,6,D,4,D,18,M,2,M,26,D,8,D,13,F,11,F,16,M
1326853,20201212,NaN,1,G,11,M,3,D,44,F,36,D,25,F,6,D,4,D,15,M,2,M,16,F,NaN,44,G,9,F,4,D,23,M,28,M,19,D,7,M,13,F,14,M,3,D,30,M
1326854,20201212,NaN,1,G,19,D,14,M,9,F,27,D,29,M,8,M,10,M,15,M,39,F,13,D,NaN,1,G,5,M,9,F,11,F,17,D,22,D,8,M,21,F,14,M,19,M,25,M
1326856,20201212,NaN,1,G,2,M,9,M,38,M,33,F,41,M,30,M,16,F,31,D,28,M,7,F,NaN,1,G,9,F,6,M,18,M,41,M,14,M,5,M,2,D,25,M,4,D,13,D
1326857,20201212,NaN,22,G,7,M,40,M,49,D,27,F,18,F,3,D,11,F,5,D,29,D,19,D,NaN,34,G,5,D,14,M,30,M,31,M,32,D,27,M,10,M,4,F,20,D,7,F
1326858,20201212,NaN,31,G,14,D,7,M,8,M,36,F,39,D,20,M,37,M,28,D,4,M,11,M,NaN,31,G,11,F,10,F,2,D,5,D,28,M,16,M,37,M,3,D,14,F,22,M
1326859,20201212,NaN,27,G,18,M,14,M,9,M,30,M,43,D,29,F,23,M,3,M,36,D,5,M,NaN,33,G,27,F,11,F,45,M,31,M,37,D,3,D,8,M,9,F,32,D,6,D
1326860,20201212,NaN,21,G,25,M,15,D,6,M,17,M,20,F,10,M,14,D,16,D,22,D,3,D,NaN,17,G,8,M,33,M,9,F,27,M,50,D,10,M,13,D,14,F,25,D,20,D
1326861,20201216,NaN,1,G,14,F,24,D,23,D,19,D,7,M,2,D,8,M,25,M,39,F,10,M,NaN,17,G,8,M,33,M,9,F,27,M,50,D,10,M,13,D,14,F,25,D,20,D
1326862,20201216,NaN,25,G,38,D,6,D,4,D,18,M,2,M,26,D,8,D,13,F,11,F,16,M,NaN,22,G,7,M,40,M,49,D,27,F,18,F,3,D,11,F,5,D,29,D,19,D
1326864,20201216,NaN,21,G,25,M,15,D,6,M,17,M,20,F,10,M,14,D,16,D,22,D,3,D,NaN,1,G,2,M,9,M,38,M,33,F,41,M,30,M,16,F,31,D,28,M,7,F
1326865,20201216,NaN,31,G,11,F,10,F,2,D,5,D,28,M,16,M,37,M,3,D,14,F,22,M,NaN,27,G,18,M,14,M,9,M,30,M,43,D,29,F,23,M,3,M,36,D,5,M
1326866,20201216,NaN,44,G,9,F,4,D,23,M,28,M,19,D,7,M,13,F,14,M,3,D,30,M,NaN,1,G,19,D,14,M,9,F,27,D,29,M,8,M,10,M,15,M,39,F,13,D
1326868,20201216,NaN,33,G,27,F,11,F,45,M,31,M,37,D,3,D,8,M,9,F,32,D,6,D,NaN,34,G,5,D,14,M,30,M,31,M,32,D,27,M,10,M,4,F,20,D,7,F
1326869,20201216,NaN,1,G,9,F,6,M,18,M,41,M,14,M,5,M,2,D,25,M,4,D,13,D,NaN,1,G,3,M,27,D,11,F,31,D,9,F,30,F,5,D,7,M,24,M,8,M
1326870,20201219,NaN,27,G,18,M,14,M,9,M,30,M,43,D,29,F,23,M,3,M,36,D,5,M,NaN,25,G,38,D,6,D,4,D,18,M,2,M,26,D,8,D,13,F,11,F,16,M
1326871,20201219,NaN,31,G,14,D,7,M,8,M,36,F,39,D,20,M,37,M,28,D,4,M,11,M,NaN,21,G,25,M,15,D,6,M,17,M,20,F,10,M,14,D,16,D,22,D,3,D
1326872,20201219,NaN,1,G,3,M,27,D,11,F,31,D,9,F,30,F,5,D,7,M,24,M,8,M,NaN,34,G,5,D,14,M,30,M,31,M,32,D,27,M,10,M,4,F,20,D,7,F
1326873,20201219,NaN,17,G,8,M,33,M,9,F,27,M,50,D,10,M,13,D,14,F,25,D,20,D,NaN,1,G,9,F,6,M,18,M,41,M,14,M,5,M,2,D,25,M,4,D,13,D
1326874,20201219,NaN,33,G,27,F,11,F,45,M,31,M,37,D,3,D,8,M,9,F,32,D,6,D,NaN,1,G,5,M,9,F,11,F,17,D,22,D,8,M,21,F,14,M,19,M,25,M
1326875,20201219,NaN,44,G,9,F,4,D,23,M,28,M,19,D,7,M,13,F,14,M,3,D,30,M,NaN,1,G,27,D,30,F,43,F,18,M,39,M,44,D,33,D,26,M,15,D,25,D
1326876,20201219,NaN,1,G,11,M,3,D,44,F,36,D,25,F,6,D,4,D,15,M,2,M,16,F,NaN,1,G,14,F,24,D,23,D,19,D,7,M,2,D,8,M,25,M,39,F,10,M
1326877,20201219,NaN,1,G,19,D,14,M,9,F,27,D,29,M,8,M,10,M,15,M,39,F,13,D,NaN,31,G,11,F,10,F,2,D,5,D,28,M,16,M,37,M,3,D,14,F,22,M
1326878,20201219,NaN,1,G,2,M,9,M,38,M,33,F,41,M,30,M,16,F,31,D,28,M,7,F,NaN,22,G,7,M,40,M,49,D,27,F,18,F,3,D,11,F,5,D,29,D,19,D
497902,20190928,NaN,18,G,22,M,40,F,41,M,7,M,44,F,3,D,39,F,4,M,5,D,36,M,NaN,1,G,27,D,9,F,31,D,12,M,5,D,4,D,16,M,7,M,41,M,8,M
497903,20190928,NaN,21,G,25,M,5,M,20,F,7,M,8,F,2,D,11,M,14,D,22,D,3,D,NaN,1,G,19,D,4,D,7,M,27,D,10,M,14,M,5,D,15,M,39,F,33,F
497904,20190928,NaN,1,G,8,M,26,D,36,F,39,D,41,M,2,D,37,M,18,M,27,D,4,M,NaN,25,G,5,D,8,M,18,M,10,M,19,M,4,F,20,D,3,D,11,F,7,F
497905,20190928,NaN,21,G,11,F,6,M,41,M,14,M,8,M,5,M,22,M,2,D,25,M,7,D,NaN,18,G,5,M,16,F,6,M,4,D,22,D,33,D,8,M,24,D,7,F,25,M
497906,20190928,NaN,1,G,7,M,6,M,4,M,45,F,3,D,50,F,5,D,16,D,25,M,19,D,NaN,1,G,17,M,39,F,14,M,33,D,23,M,20,F,13,M,24,D,25,D,30,M
497907,20190928,NaN,24,G,18,M,2,D,13,D,27,D,38,F,23,M,7,M,17,M,9,F,8,M,NaN,1,G,6,M,27,D,9,F,17,F,44,D,13,D,26,M,23,F,16,D,28,F
497908,20190928,NaN,38,G,18,M,23,D,19,D,16,F,44,M,6,M,2,D,40,M,15,M,14,M,NaN,1,G,7,F,17,D,8,M,36,D,25,F,10,F,23,D,20,D,2,M,29,M
497909,20190929,NaN,1,G,11,F,47,M,41,D,31,D,6,M,25,M,8,M,4,D,20,M,42,M,NaN,33,G,11,F,18,M,32,D,2,D,14,D,3,D,8,M,9,F,7,M,10,M
497910,20190929,NaN,1,G,6,D,5,D,4,D,18,M,15,F,7,M,8,D,11,F,2,M,13,D,NaN,39,G,49,F,16,M,3,D,22,M,18,D,26,D,30,F,6,M,17,M,25,D
497911,20191004,NaN,1,G,19,D,34,M,9,F,27,D,21,M,8,M,10,M,5,D,15,M,33,F,NaN,25,G,48,F,5,D,8,M,9,F,27,M,10,M,19,M,4,F,20,D,3,D
497912,20191005,NaN,1,G,26,M,39,F,14,M,2,M,33,D,23,M,13,M,24,D,25,D,30,M,NaN,1,G,6,M,27,D,8,M,5,D,9,F,17,F,44,D,13,D,23,F,28,F
497913,20191005,NaN,24,G,18,M,2,D,39,D,13,D,38,F,4,D,7,M,17,M,9,F,8,M,NaN,1,G,11,F,47,M,41,D,31,D,6,M,25,M,8,M,4,D,20,M,42,M
497914,20191005,NaN,1,G,7,F,17,D,8,M,9,M,36,D,25,F,10,F,23,D,20,D,2,M,NaN,1,G,7,M,6,M,9,F,14,M,27,F,4,M,3,D,50,F,5,D,16,D
497915,20191005,NaN,18,G,15,D,7,M,44,F,3,D,4,M,5,D,11,F,6,M,36,M,2,D,NaN,33,G,11,F,18,M,32,D,2,D,14,D,3,D,8,M,9,F,7,M,10,M
497916,20191005,NaN,38,G,20,F,18,M,23,D,19,D,44,M,6,M,2,D,40,M,15,M,14,M,NaN,18,G,5,M,16,F,6,M,4,D,22,D,33,D,8,M,24,D,7,F,25,M
497917,20191006,NaN,21,G,25,M,5,M,20,F,7,M,8,F,2,D,11,M,14,D,22,D,3,D,NaN,1,G,6,M,8,M,39,D,24,D,41,M,15,F,13,M,18,M,27,D,28,D
497918,20191006,NaN,1,G,27,D,9,F,31,D,30,F,5,D,4,D,16,M,7,M,41,M,8,M,NaN,39,G,49,F,16,M,3,D,18,D,7,M,26,D,30,F,6,M,17,M,25,D
497919,20191006,NaN,1,G,6,D,5,D,28,D,4,D,18,M,19,M,8,D,11,F,2,M,13,D,NaN,21,G,11,F,6,M,41,M,14,M,8,M,5,M,22,M,2,D,25,M,7,D
497920,20191018,NaN,1,G,11,F,47,M,41,D,31,D,6,M,25,M,8,M,4,D,20,M,42,M,NaN,1,G,8,M,26,D,30,M,36,F,41,M,2,D,25,M,37,M,27,D,5,D
497921,20191018,NaN,1,G,5,D,8,M,9,F,10,M,19,M,4,F,23,M,20,D,3,D,11,F,NaN,21,G,29,D,25,M,5,M,20,F,7,M,8,F,2,D,11,M,22,D,3,D
497922,20191018,NaN,1,G,3,M,9,F,31,D,30,F,5,D,22,M,7,M,41,M,2,D,8,M,NaN,1,G,7,M,6,M,40,M,9,F,14,M,3,D,50,F,5,D,29,D,25,M
497923,20191019,NaN,18,G,5,M,16,F,3,D,6,M,33,D,44,D,24,D,7,F,21,F,34,D,NaN,33,G,18,M,32,D,2,D,45,M,14,D,3,D,8,M,9,F,7,M,10,M
497924,20191019,NaN,1,G,19,D,34,M,4,D,27,D,21,M,8,M,10,M,5,D,15,M,39,F,NaN,21,G,9,F,34,M,6,M,10,M,41,M,14,M,5,M,2,D,7,D,16,M
497925,20191019,NaN,1,G,6,M,27,D,8,M,5,D,9,F,17,F,44,D,13,D,23,F,28,F,NaN,1,G,6,D,50,D,28,D,4,D,18,M,26,F,8,D,11,F,10,M,2,M
497926,20191019,NaN,39,G,49,F,16,M,3,D,7,M,26,D,5,D,30,F,6,M,17,M,25,D,NaN,38,G,20,F,18,M,23,D,19,D,44,M,6,M,2,D,40,M,15,M,14,M
497927,20191019,NaN,1,G,7,F,17,D,8,M,36,D,25,F,10,F,23,D,20,D,2,M,29,M,NaN,24,G,18,M,2,D,13,D,38,F,4,D,23,M,7,M,17,M,9,F,8,M
497928,20191019,NaN,1,G,26,M,39,F,14,M,2,M,3,D,33,D,23,M,24,D,25,D,30,M,NaN,18,G,15,D,7,M,44,F,3,D,4,M,5,D,11,F,6,M,36,M,2,D
497929,20191029,NaN,38,G,20,F,18,M,23,D,19,D,44,M,6,M,2,D,40,M,15,M,14,M,NaN,1,G,27,D,31,D,12,M,30,F,5,D,22,M,4,D,7,M,41,M,8,M
497930,20191101,NaN,1,G,6,M,8,M,41,M,25,M,20,M,15,F,27,D,28,D,4,M,5,D,NaN,25,G,27,D,29,M,14,F,31,D,12,M,10,M,5,D,41,M,2,D,8,M
497931,20191102,NaN,18,G,5,M,13,F,16,F,4,D,33,D,8,M,24,D,7,F,34,D,25,M,NaN,24,G,18,M,2,D,39,D,13,D,38,F,4,D,23,M,7,M,17,M,8,M
497932,20191102,NaN,18,G,40,F,41,M,7,M,3,D,39,F,4,M,5,D,6,M,36,M,2,D,NaN,1,G,6,M,27,D,8,M,5,D,9,F,17,F,44,D,13,D,28,F,11,F
497933,20191102,NaN,25,G,5,D,8,M,9,F,27,M,18,M,4,F,20,D,3,D,11,F,7,F,NaN,1,G,7,F,17,D,9,M,25,F,23,D,6,D,20,D,21,M,2,M,29,M
497934,20191102,NaN,39,G,11,F,49,F,16,M,3,D,18,D,26,D,30,F,6,M,17,M,25,D,NaN,1,G,26,M,15,M,39,F,14,M,3,D,33,D,23,M,13,M,24,D,30,M
497935,20191102,NaN,21,G,29,D,25,M,5,M,18,F,7,M,8,F,2,D,11,M,22,D,3,D,NaN,1,G,11,F,14,M,47,M,41,D,31,D,6,M,4,D,20,M,13,M,42,M
497936,20191102,NaN,21,G,11,F,34,M,28,M,10,M,14,M,3,D,8,M,2,D,25,M,26,D,NaN,38,G,20,F,18,M,23,D,19,D,6,M,2,D,40,M,3,D,15,M,14,M
497937,20191102,NaN,1,G,7,M,6,M,9,F,14,M,27,F,4,M,3,D,50,F,5,D,29,D,NaN,33,G,11,F,18,M,32,D,2,D,14,D,3,D,8,M,9,F,7,M,10,M
497938,20191103,NaN,1,G,6,D,5,D,4,D,18,M,19,M,8,D,11,F,2,M,9,F,13,D,NaN,1,G,19,D,4,D,7,M,9,F,21,M,8,M,5,D,15,M,13,D,33,F
497939,20191105,NaN,1,G,3,M,29,M,11,F,28,D,6,D,10,M,16,M,46,D,24,M,2,D,NaN,21,G,9,F,34,M,6,M,28,M,41,M,5,M,19,M,25,M,7,D,26,D
497940,20191109,NaN,1,G,6,M,8,M,41,M,2,D,15,F,18,M,27,D,28,D,4,M,5,D,NaN,21,G,11,F,34,M,6,M,28,M,10,M,41,M,8,M,5,M,25,M,7,D
497941,20191109,NaN,1,G,6,M,27,D,8,M,5,D,9,F,17,F,44,D,13,D,23,F,28,F,NaN,25,G,48,F,5,D,8,M,9,F,27,M,18,M,4,F,20,D,3,D,7,F
497942,20191109,NaN,1,G,26,M,15,M,39,F,14,M,3,D,33,D,23,M,13,M,24,D,30,M,NaN,33,G,11,F,18,M,32,D,2,D,14,D,3,D,8,M,9,F,7,M,10,M
497943,20191109,NaN,1,G,7,F,17,D,9,M,36,D,25,F,6,D,20,D,21,M,2,M,29,M,NaN,18,G,5,M,13,F,16,F,33,D,8,M,44,D,24,D,7,F,34,D,25,M
497944,20191109,NaN,21,G,25,M,5,M,18,F,7,M,8,F,2,D,11,M,14,D,22,D,3,D,NaN,21,G,6,D,50,D,28,D,4,D,18,M,19,M,8,D,10,M,9,F,16,M
497945,20191110,NaN,24,G,18,M,2,D,13,D,38,F,4,D,23,M,7,M,17,M,9,F,8,M,NaN,39,G,11,F,2,D,49,F,16,M,18,D,26,D,30,F,6,M,17,M,25,D
497946,20191110,NaN,1,G,7,M,6,M,40,M,14,M,27,F,45,F,3,D,50,F,5,D,29,D,NaN,1,G,19,D,4,D,7,M,9,F,21,M,8,M,5,D,15,M,13,D,33,F
497947,20191110,NaN,18,G,22,M,40,F,15,D,44,F,3,D,39,F,4,M,5,D,36,M,2,D,NaN,1,G,11,F,14,M,47,M,41,D,31,D,6,M,4,D,20,M,13,M,42,M
497948,20191123,NaN,18,G,5,M,16,F,10,F,6,M,33,D,8,M,24,D,7,F,34,D,25,M,NaN,21,G,25,M,5,M,18,F,7,M,8,F,2,D,11,M,14,D,22,D,3,D
497949,20191123,NaN,25,G,5,D,8,M,9,F,27,M,18,M,10,M,19,M,4,F,3,D,11,F,NaN,1,G,26,M,15,M,39,F,14,M,3,D,33,D,23,M,13,M,24,D,30,M
497950,20191123,NaN,33,G,11,F,29,D,39,M,18,M,2,D,3,D,8,M,9,F,10,M,25,D,NaN,21,G,6,D,50,D,28,D,4,D,18,M,19,M,11,F,10,M,13,D,16,M
497951,20191123,NaN,1,G,11,F,47,M,41,D,31,D,3,D,50,F,6,M,4,D,20,M,42,M,NaN,1,G,6,M,27,D,8,M,5,D,9,F,17,F,44,D,13,D,23,F,28,F
497952,20191123,NaN,39,G,49,F,16,M,3,D,22,M,18,D,26,D,30,F,6,M,25,D,20,M,NaN,1,G,7,M,6,M,40,M,14,M,27,F,45,F,3,D,50,F,5,D,29,D
497953,20191123,NaN,1,G,7,F,17,D,9,M,25,F,23,D,6,D,20,D,21,M,2,M,29,M,NaN,18,G,22,M,40,F,41,M,7,M,44,F,3,D,4,M,11,F,36,M,2,D
497954,20191123,NaN,38,G,18,M,23,D,19,D,44,M,6,M,2,D,40,M,15,M,39,F,14,M,NaN,1,G,6,M,8,M,41,M,2,D,15,F,18,M,27,D,28,D,4,M,5,D
497955,20191123,NaN,1,G,19,D,4,D,7,M,9,F,21,M,8,M,5,D,15,M,13,D,33,F,NaN,24,G,18,M,2,D,13,D,38,F,4,D,23,M,7,M,17,M,9,F,8,M
497956,20191130,NaN,1,G,11,F,34,M,6,M,28,M,10,M,41,M,8,M,5,M,25,M,7,D,NaN,1,G,6,M,27,D,8,M,5,D,9,F,17,F,44,D,13,D,23,F,28,F
497957,20191130,NaN,21,G,6,D,50,D,28,D,4,D,18,M,19,M,10,M,9,F,13,D,16,M,NaN,38,G,18,M,23,D,19,D,44,M,6,M,2,D,40,M,15,M,39,F,14,M
497958,20191130,NaN,1,G,6,M,8,M,30,M,39,D,2,D,15,F,18,M,28,D,4,M,5,D,NaN,1,G,5,M,13,F,9,F,3,D,10,F,27,M,44,D,24,D,35,M,25,M
497959,20191130,NaN,33,G,11,F,18,M,32,D,2,D,3,D,8,M,9,F,7,M,10,M,25,D,NaN,1,G,11,F,31,D,6,D,30,F,10,M,5,D,4,D,16,M,46,D,8,M
497960,20191130,NaN,18,G,40,F,41,M,7,M,13,D,44,F,3,D,4,M,11,F,36,M,2,D,NaN,25,G,48,F,5,D,8,M,9,F,18,M,10,M,4,F,20,D,3,D,7,F
497961,20191130,NaN,1,G,26,M,15,M,39,F,14,M,33,D,23,M,13,M,24,D,25,D,30,M,NaN,1,G,7,F,17,D,9,M,36,D,25,F,10,F,6,D,20,D,21,M,2,M
497962,20191130,NaN,1,G,19,D,4,D,7,M,9,F,21,M,8,M,5,D,15,M,13,D,33,F,NaN,1,G,11,F,47,M,41,D,31,D,3,D,6,M,25,M,4,D,20,M,42,M
497963,20191130,NaN,21,G,25,M,15,D,5,M,10,M,7,M,8,F,2,D,11,M,14,D,22,D,NaN,39,G,49,F,16,M,3,D,22,M,18,D,26,D,30,F,6,M,17,M,25,D
497964,20191130,NaN,24,G,18,M,2,D,13,D,38,F,4,D,23,M,7,M,17,M,11,F,5,M,NaN,1,G,7,M,40,M,49,D,14,M,44,M,27,F,45,F,50,F,5,D,29,D
497965,20191201,NaN,1,G,8,M,11,M,20,M,45,D,9,F,2,M,7,M,5,M,50,D,18,M,NaN,21,G,23,D,27,M,13,F,3,D,19,D,10,M,14,M,6,D,36,D,17,M
497966,20191201,NaN,21,G,9,F,10,M,8,M,3,D,5,D,23,M,7,D,11,M,2,D,11,M,NaN,1,G,22,D,11,M,6,D,40,M,39,D,8,M,9,F,26,M,29,M,2,D
497967,20191207,NaN,1,G,7,M,6,M,40,M,14,M,27,F,45,F,3,D,50,F,5,D,29,D,NaN,21,G,25,M,15,D,5,M,10,M,7,M,8,F,2,D,11,M,14,D,22,D
497968,20191207,NaN,38,G,20,F,18,M,24,D,23,D,19,D,44,M,2,D,40,M,15,M,14,M,NaN,24,G,2,D,30,M,13,D,27,D,38,F,23,M,10,M,17,M,11,F,5,M
497969,20191207,NaN,25,G,5,D,8,M,9,F,27,M,18,M,10,M,4,F,3,D,11,F,7,F,NaN,1,G,11,F,34,M,6,M,28,M,10,M,41,M,8,M,5,M,25,M,7,D
497970,20191207,NaN,1,G,27,D,29,M,11,F,31,D,6,D,10,M,5,D,4,D,16,M,7,M,NaN,1,G,19,D,4,D,7,M,9,F,21,M,8,M,10,M,5,D,13,D,33,F
497971,20191207,NaN,1,G,27,D,8,M,5,D,9,F,17,F,44,D,33,D,13,D,23,F,28,F,NaN,33,G,11,F,18,M,32,D,17,M,45,M,14,D,3,D,8,M,10,M,25,D
497972,20191207,NaN,1,G,11,F,14,M,47,M,41,D,31,D,3,D,6,M,25,M,4,D,42,M,NaN,21,G,6,D,50,D,4,D,18,M,19,M,23,D,11,F,10,M,13,D,16,M
497973,20191207,NaN,39,G,11,F,49,F,3,D,18,D,7,M,26,D,30,F,6,M,17,M,25,D,NaN,18,G,40,F,7,M,3,D,39,F,4,M,5,D,11,F,6,M,36,M,2,D
497974,20191207,NaN,1,G,7,F,17,D,8,M,9,M,36,D,25,F,10,F,6,D,20,D,2,M,NaN,21,G,6,M,8,M,39,D,41,M,25,M,20,M,18,M,27,D,28,D,4,M
497975,20191207,NaN,18,G,5,M,16,F,10,F,6,M,22,D,33,D,44,D,24,D,7,F,25,M,NaN,1,G,40,M,26,M,15,M,39,F,14,M,33,D,13,M,24,D,25,D,30,M
497976,20191208,NaN,21,G,9,F,7,M,8,M,3,D,5,D,23,M,7,D,11,M,2,D,11,M,NaN,21,G,23,D,27,M,3,D,19,D,10,M,14,M,6,D,36,D,17,M,11,M
497977,20191214,NaN,1,G,6,D,28,D,4,D,18,M,2,M,14,M,8,D,11,F,13,D,16,M,NaN,21,G,9,F,7,M,8,M,3,D,5,D,23,M,7,D,11,M,2,D,11,M
1391387,20200229,4-5-1,31,G,2,D,26,D,92,D,25,D,7,M,17,F,13,M,11,F,44,M,9,F,4-5-1,21,G,3,D,39,D,35,D,10,M,6,M,12,D,98,F,8,M,14,F,13,F
1391395,20200229,4-5-1,21,G,6,D,44,D,15,D,23,M,8,M,10,M,7,F,99,F,14,M,9,F,4-5-1,21,G,23,D,2,D,4,D,27,M,11,F,37,F,66,M,15,M,5,M,10,F
8652699,20200508,4-3-3,31,G,2,D,26,D,6,D,22,D,14,M,28,M,13,M,7,M,11,F,10,M,4-3-3,19,G,16,M,4,D,2,D,23,D,8,M,77,M,33,D,18,F,10,M,26,M
8653704,20200509,4-5-1,21,G,3,D,4,D,15,D,23,M,8,M,10,M,7,F,98,M,72,M,9,F,4-5-1,1,G,2,D,9,F,12,M,15,D,4,M,6,M,14,M,10,F,16,F,17,F
8653707,20200509,4-5-1,31,G,2,D,26,D,92,D,25,D,7,M,17,F,13,M,11,F,44,M,9,F,4-5-1,1,G,19,D,2,D,26,D,3,M,18,M,14,M,29,M,9,F,10,F,66,F
8653708,20200509,4-5-1,21,G,6,D,44,D,15,D,23,M,8,M,10,M,7,F,99,F,14,M,9,F,4-5-1,21,G,23,D,2,D,4,D,27,M,11,F,37,F,66,M,15,M,5,M,10,F
8653710,20200509,3-4-3,1,G,23,D,4,D,44,D,17,D,5,M,7,M,22,M,29,F,11,F,10,F,3-4-3,1,G,5,D,4,D,3,D,2,D,77,M,8,M,20,M,9,F,11,F,14,F
8653711,20200509,4-4-2,1,G,5,D,20,D,2,D,8,D,25,M,14,M,7,M,13,F,61,F,9,F,4-4-2,41,G,32,D,4,D,20,D,27,M,33,M,14,M,34,D,5,M,16,M,18,F
8654660,20200510,4-2-3-1,31,G,13,D,5,D,3,D,2,D,16,M,6,M,77,F,26,M,12,F,10,F,4-2-3-1,1,G,33,D,4,D,5,D,17,D,23,M,8,M,10,M,11,F,9,F,26,D
8654661,20200510,4-5-1,21,G,23,M,15,D,4,D,32,D,7,F,99,F,66,D,10,M,8,M,9,F,4-5-1,21,G,3,D,39,D,35,D,33,D,6,M,12,D,10,M,77,M,18,F,13,F
8654662,20200510,4-3-3,25,G,17,D,99,D,26,D,2,D,34,M,14,M,22,M,7,M,12,F,18,M,4-3-3,1,G,2,D,4,D,6,D,27,M,16,M,5,M,9,M,17,D,10,F,50,F
8654663,20200510,3-5-2,52,G,3,D,6,D,4,D,7,M,29,M,44,M,45,M,18,F,11,F,14,F,3-5-2,21,G,23,D,2,D,22,D,27,M,11,F,66,M,37,F,15,M,5,M,10,F
8654894,20200512,4-5-1,21,G,26,D,6,D,15,D,33,D,8,M,14,M,24,M,22,M,11,F,18,F,4-5-1,1,G,2,D,26,D,4,D,66,F,14,M,34,M,3,M,9,F,10,F,29,M
8655056,20200513,4-3-3,1,G,14,M,20,D,2,D,27,D,7,M,6,M,3,D,17,F,22,F,11,F,4-3-3,21,G,3,D,39,D,35,D,33,D,6,M,12,D,10,M,77,M,18,F,13,F
8655057,20200513,4-3-3,1,G,8,M,14,M,15,D,18,F,19,NaN,23,M,24,D,27,D,34,D,36,M,4-3-3,21,G,23,D,2,D,22,D,27,M,11,F,66,M,37,F,15,M,5,M,10,F
8655058,20200513,4-5-1,21,G,23,M,15,D,4,D,32,D,7,F,99,F,66,D,10,M,8,M,9,F,4-5-1,41,G,6,D,35,D,4,D,14,M,34,D,28,M,19,F,3,M,18,F,23,M
8655059,20200513,3-5-2,21,G,44,D,14,D,32,D,17,D,13,M,4,D,7,M,11,F,9,F,10,M,3-5-2,31,G,13,M,3,D,5,D,14,D,16,M,47,D,12,F,26,M,77,F,10,F
15007421,20200516,4-1-4-1,1,G,2,D,9,F,15,D,25,M,8,M,16,F,14,M,4,M,12,M,10,F,4-1-4-1,25,G,17,D,99,D,26,D,2,D,34,M,14,M,22,M,7,M,12,F,18,M
15007424,20200516,3-4-3,1,G,5,D,4,D,3,D,2,D,77,M,44,M,20,M,9,F,11,F,14,F,3-4-3,31,G,13,D,5,D,3,D,2,D,8,M,6,M,7,F,26,M,12,F,10,F
15007427,20200516,3-5-2,41,G,6,D,35,D,4,D,14,M,34,D,28,M,19,F,3,M,18,F,23,M,3-5-2,21,G,26,D,6,D,15,D,33,D,8,M,14,M,24,M,22,M,11,F,18,F
15007430,20200516,4-3-3,21,G,33,D,6,D,4,D,17,D,24,M,30,M,23,M,11,F,9,F,7,F,4-3-3,31,G,2,D,26,D,6,D,22,D,28,M,13,M,14,M,17,F,7,M,11,F
15007433,20200516,3-4-3,1,G,2,D,26,D,4,D,66,F,14,M,34,M,3,M,9,F,10,F,29,M,3-4-3,52,G,3,D,6,D,4,D,7,M,29,M,44,M,45,M,18,F,11,F,14,F
15007436,20200516,4-3-3,1,G,8,M,14,M,15,D,18,F,19,NaN,23,M,24,D,27,D,34,D,36,M,4-3-3,21,G,23,M,15,D,4,D,32,D,7,F,99,F,66,D,10,M,8,M,9,F
15161335,20200517,3-5-2,19,G,16,M,4,D,2,D,23,D,10,M,77,M,26,M,33,D,7,F,9,F,3-5-2,21,G,23,M,15,D,4,D,3,D,10,M,8,M,72,M,98,M,7,F,9,F
15161336,20200517,4-5-1,21,G,23,D,2,D,22,D,27,M,11,F,66,M,37,F,15,M,5,M,10,F,4-5-1,31,G,13,M,3,D,5,D,14,D,16,M,47,D,12,F,26,M,77,F,10,F
15161337,20200517,3-5-2,21,G,3,D,39,D,35,D,33,D,6,M,12,D,10,M,77,M,18,F,13,F,3-5-2,31,G,25,D,26,D,92,D,32,D,11,F,13,M,17,F,37,F,28,M,9,F
15161338,20200517,3-5-2,1,G,2,D,4,D,6,D,17,D,25,M,5,M,66,M,14,F,7,F,10,F,3-5-2,21,G,15,D,20,D,2,D,25,M,14,M,6,M,7,M,30,D,22,F,9,F
15161339,20200517,4-3-3,1,G,14,M,20,D,2,D,27,D,7,M,6,M,3,D,17,F,22,F,11,F,4-3-3,21,G,44,D,14,D,32,D,17,D,13,M,4,D,7,M,11,F,9,F,10,M
15161340,20200517,4-4-2,41,G,32,D,4,D,20,D,27,M,33,M,14,M,34,D,5,M,16,M,18,F,4-4-2,1,G,23,D,4,D,44,D,17,D,24,M,7,M,22,M,13,M,11,F,9,F
15164358,20200522,4-2-3-1,31,G,13,D,5,D,3,D,2,D,8,M,6,M,77,F,26,M,12,F,10,F,4-2-3-1,1,G,6,D,4,D,2,D,17,D,25,M,5,M,66,M,14,F,13,M,10,F
15165260,20200523,4-3-3,1,G,17,D,99,D,26,D,2,D,29,M,34,M,14,M,12,F,18,M,10,F,4-3-3,41,G,19,F,34,D,20,D,4,D,32,D,5,M,7,M,16,M,18,F,37,F
15165261,20200523,3-5-2,19,G,16,M,39,D,4,D,23,D,98,F,77,M,26,M,10,M,7,F,18,F,3-5-2,1,G,23,D,4,D,44,D,22,M,24,M,7,M,16,D,9,F,10,F,13,M
15165262,20200523,3-5-2,21,G,3,D,39,D,35,D,33,D,6,M,12,D,10,M,77,M,18,F,13,F,3-5-2,21,G,26,D,6,D,15,D,33,D,8,M,14,M,24,M,22,M,11,F,18,F
15165263,20200523,4-5-1,21,G,23,M,15,D,4,D,32,D,7,F,99,F,66,D,10,M,8,M,9,F,4-5-1,1,G,2,D,26,D,4,D,66,F,14,M,34,M,3,M,9,F,10,F,29,M
15165264,20200523,4-5-1,31,G,25,D,26,D,92,D,32,D,11,F,13,M,17,F,37,F,28,M,9,F,4-5-1,21,G,44,D,14,D,32,D,17,D,13,M,4,D,7,M,11,F,9,F,10,M
15165265,20200523,4-5-1,1,G,2,D,9,F,15,D,25,M,16,F,14,M,8,M,4,M,12,M,10,F,4-5-1,1,G,27,D,20,D,2,D,8,D,7,M,28,M,6,M,13,F,9,F,24,F
15166416,20200524,4-1-4-1,31,G,2,D,26,D,6,D,22,D,28,M,7,M,14,M,17,F,10,M,11,F,4-1-4-1,1,G,5,D,4,D,22,D,18,F,8,M,29,M,20,M,17,M,9,F,14,F
15166417,20200524,3-5-2,52,G,3,D,6,D,4,D,7,M,29,M,44,M,45,M,18,F,11,F,14,F,3-5-2,1,G,8,M,14,M,15,D,18,F,19,NaN,23,M,24,D,27,D,34,D,36,M
15166418,20200524,4-5-1,31,G,13,M,3,D,5,D,14,D,16,M,47,D,12,F,26,M,77,F,10,F,4-5-1,41,G,6,D,35,D,4,D,14,M,34,D,28,M,19,F,3,M,18,F,23,M
15166419,20200524,4-2-3-1,21,G,23,M,44,D,4,D,2,D,10,M,16,M,72,M,98,M,7,F,9,F,4-2-3-1,25,G,33,D,4,D,5,D,3,D,10,M,8,M,24,M,11,F,18,F,7,F
15168932,20200529,3-4-3,1,G,5,D,4,D,3,D,18,F,77,M,44,M,22,D,9,F,11,F,14,F,3-4-3,1,G,2,D,9,F,15,D,25,M,26,F,8,M,6,M,16,F,10,F,12,M
15168933,20200529,3-5-2,41,G,6,D,35,D,4,D,14,M,34,D,28,M,19,F,3,M,18,F,23,M,3-5-2,1,G,2,D,26,D,4,D,66,F,14,M,34,M,3,M,9,F,10,F,29,M
15170126,20200530,4-3-3,1,G,17,D,26,D,2,D,19,D,14,M,29,M,6,M,66,F,10,F,18,M,4-3-3,31,G,2,D,26,D,6,D,22,D,17,F,13,M,57,M,28,M,10,M,9,F
15170130,20200530,4-3-3,1,G,14,M,20,D,2,D,27,D,7,M,6,M,3,D,17,F,22,F,11,F,4-3-3,1,G,8,M,14,M,15,D,18,F,19,NaN,23,M,24,D,27,D,34,D,36,M
15170134,20200530,4-3-3,25,G,33,D,4,D,5,D,17,D,10,M,24,M,8,M,18,F,11,F,7,F,4-3-3,19,G,4,D,39,D,16,M,10,M,77,M,35,D,26,M,98,F,18,F,7,F
15170139,20200530,4-5-1,21,G,26,D,6,D,15,D,33,D,8,M,14,M,24,M,22,M,11,F,18,F,4-5-1,52,G,3,D,6,D,4,D,7,M,29,M,44,M,45,M,18,F,11,F,14,F
15170141,20200530,4-3-3,21,G,27,D,15,D,20,D,8,D,28,M,6,M,7,M,17,F,13,F,9,F,4-3-3,21,G,3,D,4,D,15,D,23,M,8,M,10,M,7,F,98,M,14,M,9,F
15174656,20200531,3-5-2,1,G,2,D,4,D,6,D,17,D,25,M,16,M,66,M,27,M,13,M,10,F,3-5-2,41,G,32,D,4,D,20,D,34,D,17,M,16,M,7,M,19,F,33,M,37,F
15174660,20200531,3-5-2,21,G,44,D,14,D,32,D,17,D,13,M,4,D,7,M,11,F,9,F,10,M,3-5-2,21,G,23,D,2,D,22,D,27,M,11,F,66,M,37,F,15,M,5,M,10,F
15174666,20200531,4-5-1,31,G,13,M,3,D,5,D,14,D,16,M,47,D,12,F,26,M,77,F,10,F,4-5-1,21,G,3,D,39,D,35,D,33,D,6,M,12,D,10,M,77,M,18,F,13,F
15174671,20200531,3-4-3,1,G,23,D,4,D,44,D,32,D,13,M,7,M,22,M,11,F,9,F,19,F,3-4-3,31,G,5,D,3,D,4,D,17,D,16,M,6,M,7,F,26,M,77,F,10,F
15174676,20200531,4-5-1,21,G,23,M,15,D,4,D,32,D,7,F,99,F,66,D,10,M,8,M,9,F,4-5-1,31,G,25,D,26,D,92,D,32,D,11,F,13,M,17,F,37,F,28,M,9,F
15183845,20200602,3-5-2,21,G,44,D,14,D,32,D,17,D,13,M,4,D,7,M,11,F,9,F,10,M,3-5-2,21,G,23,M,15,D,4,D,32,D,7,F,99,F,66,D,10,M,8,M,9,F
15183851,20200602,3-4-3,1,G,2,D,26,D,4,D,66,F,14,M,34,M,3,M,9,F,10,F,29,M,3-4-3,31,G,25,D,26,D,92,D,32,D,11,F,13,M,17,F,37,F,28,M,9,F
15183853,20200602,3-5-2,41,G,6,D,35,D,4,D,14,M,34,D,28,M,19,F,3,M,18,F,23,M,3-5-2,21,G,3,D,39,D,35,D,33,D,6,M,12,D,10,M,77,M,18,F,13,F
15198472,20200605,3-4-3,1,G,23,D,4,D,44,D,32,D,40,M,6,M,22,M,35,F,9,F,11,F,3-4-3,25,G,17,D,26,D,2,D,19,D,34,M,14,M,10,F,66,F,12,F,15,F
15204014,20200606,3-5-2,1,G,2,D,4,D,6,D,27,M,25,M,16,M,9,M,17,D,11,F,7,F,3-5-2,31,G,2,D,92,D,6,D,22,D,28,M,7,M,14,M,13,M,11,F,20,F
15204019,20200606,4-2-3-1,25,G,33,D,4,D,5,D,3,D,10,M,8,M,11,F,23,M,7,F,18,F,4-2-3-1,21,G,27,D,9,F,15,D,25,M,40,M,7,M,22,F,6,M,12,M,10,F
15204025,20200606,4-2-3-1,31,G,7,F,5,D,3,D,4,D,16,M,6,M,77,F,26,M,11,F,10,F,4-2-3-1,21,G,23,M,15,D,4,D,66,D,16,M,72,M,22,M,8,M,7,F,9,F
15208732,20200607,5-3-2,41,G,32,D,35,D,20,D,34,D,17,M,16,M,7,M,5,M,37,F,18,F,5-3-2,1,G,66,D,4,D,3,D,18,F,44,M,11,F,8,M,20,M,9,F,14,F
15208739,20200607,3-5-2,19,G,16,M,39,D,4,D,23,D,98,F,77,M,26,M,10,M,11,F,18,F,3-5-2,21,G,15,D,28,M,2,D,17,F,14,M,7,M,6,M,94,M,10,M,9,F
15238374,20200613,4-1-4-1,21,G,23,M,15,D,4,D,3,D,16,M,66,D,22,M,8,M,7,F,9,F,4-1-4-1,41,G,32,D,4,D,20,D,34,D,3,M,16,M,14,M,19,F,17,M,18,F
15238380,20200613,3-4-3,1,G,2,D,26,D,4,D,66,F,14,M,34,M,3,M,9,F,10,F,29,M,3-4-3,1,G,14,M,20,D,2,D,27,D,7,M,6,M,3,D,17,F,22,F,11,F
15238385,20200613,4-5-1,31,G,25,D,92,D,6,D,22,D,7,M,14,M,13,M,29,F,28,M,20,F,4-5-1,1,G,44,D,15,D,23,D,22,M,6,M,24,M,32,D,11,F,9,F,35,F
15238391,20200613,4-5-1,31,G,25,D,26,D,92,D,32,D,11,F,13,M,17,F,37,F,28,M,9,F,4-5-1,21,G,23,D,2,D,22,D,27,M,11,F,66,M,37,F,15,M,5,M,10,F
15238396,20200613,4-3-3,1,G,8,M,14,M,15,D,18,F,19,NaN,23,M,24,D,27,D,34,D,36,M,4-3-3,41,G,6,D,35,D,4,D,14,M,34,D,28,M,19,F,3,M,18,F,23,M
15238401,20200613,3-5-2,21,G,8,M,5,D,4,M,18,F,17,F,13,M,12,M,9,F,27,D,25,M,3-5-2,31,G,17,D,3,D,5,D,14,D,6,M,8,M,12,F,26,M,77,F,10,F
15238407,20200613,3-5-2,19,G,90,D,39,D,4,D,98,F,8,M,23,D,77,M,10,M,7,F,18,F,3-5-2,1,G,3,M,26,D,2,D,17,D,14,M,29,M,10,F,18,M,66,F,12,F
15243177,20200614,4-5-1,21,G,26,D,6,D,15,D,33,D,8,M,14,M,24,M,22,M,11,F,18,F,4-5-1,31,G,13,M,3,D,5,D,14,D,16,M,47,D,12,F,26,M,77,F,10,F
15243183,20200614,3-5-2,52,G,3,D,6,D,4,D,7,M,29,M,44,M,45,M,18,F,11,F,14,F,3-5-2,21,G,44,D,14,D,32,D,17,D,13,M,4,D,7,M,11,F,9,F,10,M
15243188,20200614,3-4-3,1,G,66,D,4,D,3,D,18,F,44,M,8,M,20,M,9,F,11,F,14,F,3-4-3,1,G,28,D,4,D,6,D,17,D,66,M,24,M,9,M,35,M,11,F,10,F
15243193,20200614,4-3-3,21,G,27,D,15,D,2,D,8,D,7,M,28,M,6,M,17,F,9,F,94,M,4-3-3,25,G,33,D,4,D,5,D,3,D,8,M,10,M,24,M,11,F,18,F,7,F
15244141,20200616,4-4-2,25,G,17,D,26,D,2,D,19,D,66,F,6,M,14,M,15,F,12,F,9,F,4-4-2,21,G,23,M,15,D,44,D,6,D,16,M,10,M,30,F,98,M,7,F,9,F
15244142,20200616,4-2-3-1,31,G,14,D,5,D,3,D,17,D,8,M,16,M,77,F,26,M,12,F,10,F,4-2-3-1,31,G,2,D,26,D,92,D,22,D,28,M,11,F,14,M,13,M,10,M,9,F
15244143,20200616,4-4-2,41,G,32,D,2,D,20,D,34,D,16,M,14,M,19,F,3,M,17,M,5,M,4-4-2,19,G,4,D,39,D,3,D,90,D,98,F,77,M,26,M,10,M,7,F,18,F
15244597,20200617,4-3-3,21,G,27,D,15,D,2,D,8,D,7,M,6,M,10,M,24,F,9,F,94,M,4-3-3,1,G,23,D,15,D,44,D,32,D,13,M,6,M,22,M,27,F,9,F,11,F
15244598,20200617,4-1-4-1,21,G,2,D,9,F,15,D,25,M,8,M,26,F,17,F,4,M,12,M,18,F,4-1-4-1,21,G,28,D,4,D,6,D,27,M,25,M,16,M,66,M,14,F,13,M,11,F
15244599,20200617,4-1-4-1,1,G,33,D,6,D,4,D,3,D,30,M,11,F,10,M,24,M,13,F,18,F,4-1-4-1,1,G,66,D,4,D,3,D,18,F,44,M,8,M,20,M,11,F,9,F,14,F
15245166,20200619,4-3-3,1,G,8,M,14,M,15,D,18,F,19,NaN,23,M,24,D,27,D,34,D,36,M,4-3-3,21,G,26,D,6,D,15,D,33,D,8,M,14,M,24,M,22,M,11,F,18,F
15245648,20200620,4-3-3,1,G,27,M,6,D,4,D,23,D,15,M,9,M,16,M,17,D,13,M,10,F,4-3-3,21,G,66,D,4,D,44,D,23,M,16,M,7,F,8,M,10,M,30,F,9,F
15245650,20200620,4-4-2,31,G,22,D,3,D,5,D,14,D,12,F,8,M,6,M,10,F,7,F,77,F,4-4-2,1,G,17,D,26,D,2,D,19,D,14,M,34,M,29,M,18,M,66,F,9,F
15245652,20200620,4-3-3,41,G,27,M,2,D,4,D,32,D,20,D,7,M,16,M,19,F,18,F,37,F,4-3-3,21,G,2,D,9,F,15,D,25,M,4,M,6,M,40,M,12,M,18,F,26,F
15246049,20200621,3-4-3,1,G,23,D,15,D,14,D,32,D,5,M,7,M,22,M,29,F,9,F,11,F,3-4-3,1,G,3,D,4,D,5,D,33,D,30,M,10,M,24,M,13,F,11,F,18,F
15246050,20200621,4-5-1,31,G,2,D,26,D,6,D,22,D,7,M,14,M,28,M,17,F,13,M,11,F,4-5-1,21,G,27,D,15,D,2,D,8,D,6,M,7,M,30,D,17,F,9,F,94,M
15246051,20200621,3-4-3,1,G,66,D,4,D,3,D,18,F,44,M,8,M,20,M,9,F,11,F,7,M,3-4-3,19,G,4,D,39,D,3,D,90,D,98,F,77,M,26,M,10,M,18,F,14,F
15246052,20200621,4-5-1,21,G,23,D,2,D,22,D,27,M,11,F,66,M,37,F,15,M,5,M,10,F,4-5-1,52,G,3,D,6,D,4,D,7,M,29,M,44,M,45,M,18,F,11,F,14,F
15246053,20200621,4-3-3,1,G,14,M,20,D,2,D,27,D,7,M,6,M,3,D,17,F,22,F,11,F,4-3-3,31,G,13,M,3,D,5,D,14,D,16,M,47,D,12,F,26,M,77,F,10,F
8652437,20200624,4-5-1,31,G,25,D,26,D,92,D,32,D,11,F,13,M,17,F,37,F,28,M,9,F,4-5-1,41,G,6,D,35,D,4,D,14,M,34,D,28,M,19,F,3,M,18,F,23,M
8652438,20200624,4-5-1,21,G,23,D,2,D,22,D,27,M,11,F,66,M,37,F,15,M,5,M,10,F,4-5-1,1,G,2,D,26,D,4,D,66,F,14,M,34,M,3,M,9,F,10,F,29,M
8652439,20200624,4-5-1,31,G,13,M,3,D,5,D,14,D,16,M,47,D,12,F,26,M,77,F,10,F,4-5-1,1,G,8,M,14,M,15,D,18,F,19,NaN,23,M,24,D,27,D,34,D,36,M
8652440,20200624,3-5-2,52,G,3,D,6,D,4,D,7,M,29,M,44,M,45,M,18,F,11,F,14,F,3-5-2,1,G,14,M,20,D,2,D,27,D,7,M,6,M,3,D,17,F,22,F,11,F
15247839,20200626,4-3-3,1,G,30,D,2,D,20,D,27,D,7,M,6,M,28,M,9,F,17,F,94,M,4-3-3,31,G,47,D,3,D,5,D,14,D,6,M,8,M,12,F,7,F,77,F,10,F
15248416,20200627,4-5-1,1,G,33,D,5,D,4,D,3,D,11,F,7,F,24,M,10,M,30,M,18,F,4-5-1,41,G,34,D,20,D,4,D,32,D,14,M,28,M,16,M,27,M,18,F,33,M
15248417,20200627,4-5-1,21,G,26,D,6,D,15,D,33,D,8,M,14,M,24,M,22,M,11,F,18,F,4-5-1,21,G,23,D,2,D,22,D,27,M,11,F,66,M,37,F,15,M,5,M,10,F
15248418,20200627,3-5-2,1,G,6,D,22,D,2,D,27,M,13,M,5,M,66,M,9,M,10,F,7,F,3-5-2,1,G,16,D,14,D,15,D,32,D,24,M,5,M,11,F,30,M,29,F,27,F
15248419,20200627,4-3-3,1,G,14,M,20,D,2,D,27,D,7,M,6,M,3,D,17,F,22,F,11,F,4-3-3,31,G,25,D,26,D,92,D,32,D,11,F,13,M,17,F,37,F,28,M,9,F
15248420,20200627,4-3-3,1,G,8,M,14,M,15,D,18,F,19,NaN,23,M,24,D,27,D,34,D,36,M,4-3-3,21,G,3,D,39,D,35,D,33,D,6,M,12,D,10,M,77,M,18,F,13,F
15248421,20200627,3-4-3,52,G,66,D,4,D,3,D,18,F,44,M,8,M,20,M,9,F,14,F,11,F,3-4-3,25,G,17,D,2,D,26,D,6,M,14,M,29,M,22,M,18,M,66,F,12,F
15248785,20200628,3-5-2,21,G,44,D,14,D,32,D,17,D,13,M,4,D,7,M,11,F,9,F,10,M,3-5-2,1,G,2,D,26,D,4,D,66,F,14,M,34,M,3,M,9,F,10,F,29,M
15248786,20200628,4-5-1,31,G,13,M,3,D,5,D,14,D,16,M,47,D,12,F,26,M,77,F,10,F,4-5-1,21,G,23,M,15,D,4,D,32,D,7,F,99,F,66,D,10,M,8,M,9,F
15248787,20200628,4-5-1,21,G,23,M,15,D,44,D,66,D,22,M,10,M,11,F,7,F,16,M,9,F,4-5-1,31,G,22,D,6,D,26,D,2,D,28,M,17,F,14,M,13,M,7,M,11,F
15248788,20200628,3-5-2,41,G,6,D,35,D,4,D,14,M,34,D,28,M,19,F,3,M,18,F,23,M,3-5-2,52,G,3,D,6,D,4,D,7,M,29,M,44,M,45,M,18,F,11,F,14,F
15248789,20200628,3-5-2,19,G,90,D,39,D,4,D,98,F,26,M,23,D,77,M,10,M,14,F,18,F,3-5-2,21,G,25,M,15,D,9,F,2,D,17,F,8,M,4,M,26,F,18,F,12,M
15255583,20200703,4-3-3,1,G,14,M,20,D,2,D,27,D,7,M,6,M,3,D,17,F,22,F,11,F,4-3-3,21,G,26,D,6,D,15,D,33,D,8,M,14,M,24,M,22,M,11,F,18,F
15255585,20200703,3-5-2,21,G,3,D,39,D,35,D,33,D,6,M,12,D,10,M,77,M,18,F,13,F,3-5-2,21,G,23,D,2,D,22,D,27,M,11,F,66,M,37,F,15,M,5,M,10,F
15257419,20200704,4-3-3,1,G,17,D,26,D,2,D,18,M,14,M,34,M,29,M,66,F,12,F,10,F,4-3-3,1,G,26,D,4,D,6,D,3,D,30,M,11,F,10,M,24,M,22,M,18,F
15257423,20200704,3-4-3,1,G,2,D,26,D,4,D,66,F,14,M,34,M,3,M,9,F,10,F,29,M,3-4-3,1,G,8,M,14,M,15,D,18,F,19,NaN,23,M,24,D,27,D,34,D,36,M
15257427,20200704,4-5-1,31,G,25,D,26,D,92,D,32,D,11,F,13,M,17,F,37,F,28,M,9,F,4-5-1,31,G,13,M,3,D,5,D,14,D,16,M,47,D,12,F,26,M,77,F,10,F
15257431,20200704,3-5-2,19,G,4,D,39,D,3,D,98,F,23,D,16,M,77,M,10,M,14,F,18,F,3-5-2,1,G,6,D,22,D,15,M,27,M,17,D,5,M,66,M,9,M,10,F,11,F
15257434,20200704,4-5-1,21,G,23,M,15,D,4,D,6,D,72,M,98,M,7,F,17,M,10,M,9,F,4-5-1,1,G,22,M,14,D,15,D,17,D,24,M,4,D,29,F,32,D,9,F,10,M
15258977,20200705,3-5-2,21,G,44,D,14,D,32,D,17,D,13,M,4,D,7,M,11,F,9,F,10,M,3-5-2,41,G,6,D,35,D,4,D,14,M,34,D,28,M,19,F,3,M,18,F,23,M
15258979,20200705,3-5-2,52,G,3,D,6,D,4,D,7,M,29,M,44,M,45,M,18,F,11,F,14,F,3-5-2,21,G,23,M,15,D,4,D,32,D,7,F,99,F,66,D,10,M,8,M,9,F
15258981,20200705,4-2-3-1,21,G,30,D,15,D,2,D,8,D,14,M,6,M,17,F,7,M,11,F,9,F,4-2-3-1,52,G,66,D,4,D,3,D,18,F,44,M,8,M,22,D,27,F,11,F,14,F
15258983,20200705,4-1-4-1,21,G,2,D,9,F,15,D,25,M,8,M,26,F,11,M,4,M,12,M,18,F,4-1-4-1,31,G,2,D,26,D,92,D,22,D,28,M,7,M,57,M,17,F,10,M,20,F
15258985,20200705,3-4-3,41,G,35,D,6,D,20,D,32,D,30,M,7,M,17,M,23,M,18,F,22,M,3-4-3,31,G,14,D,5,D,3,D,22,D,8,M,6,M,77,F,7,F,12,F,10,F
15266834,20200710,4-5-1,1,G,33,D,4,D,6,D,3,D,11,F,10,M,30,M,24,M,22,M,18,F,4-5-1,1,G,22,D,4,D,6,D,17,D,25,M,5,M,66,M,27,M,10,F,11,F
15266836,20200710,3-5-2,52,G,3,D,6,D,4,D,7,M,29,M,44,M,45,M,18,F,11,F,14,F,3-5-2,21,G,3,D,39,D,35,D,33,D,6,M,12,D,10,M,77,M,18,F,13,F
15268483,20200711,4-5-1,21,G,23,D,2,D,22,D,27,M,11,F,66,M,37,F,15,M,5,M,10,F,4-5-1,41,G,6,D,35,D,4,D,14,M,34,D,28,M,19,F,3,M,18,F,23,M
15268485,20200711,4-5-1,1,G,32,D,15,D,14,D,16,D,19,F,13,M,4,D,7,M,27,F,10,M,4-5-1,21,G,2,D,4,M,8,M,9,F,11,M,12,M,15,D,18,F,25,M,26,F
15268486,20200711,4-4-2,31,G,32,D,6,D,26,D,2,D,28,M,17,F,10,M,44,M,11,F,7,M,4-4-2,1,G,34,D,20,D,6,D,14,M,16,M,27,M,28,M,19,F,32,D,9,F
15268489,20200711,4-5-1,31,G,13,M,3,D,5,D,14,D,16,M,47,D,12,F,26,M,77,F,10,F,4-5-1,1,G,2,D,26,D,4,D,66,F,14,M,34,M,3,M,9,F,10,F,29,M
15268491,20200711,4-2-3-1,31,G,14,D,5,D,3,D,22,D,8,M,6,M,77,F,7,F,12,F,10,F,4-2-3-1,21,G,39,D,4,D,90,D,23,D,98,F,77,M,8,M,10,M,18,F,14,F
15268493,20200711,4-5-1,21,G,23,M,15,D,4,D,32,D,7,F,99,F,66,D,10,M,8,M,9,F,4-5-1,1,G,14,M,20,D,2,D,27,D,7,M,6,M,3,D,17,F,22,F,11,F
15270213,20200712,4-5-1,21,G,26,D,6,D,15,D,33,D,8,M,14,M,24,M,22,M,11,F,18,F,4-5-1,21,G,44,D,14,D,32,D,17,D,13,M,4,D,7,M,11,F,9,F,10,M
15270216,20200712,3-4-3,52,G,66,D,4,D,22,D,18,F,44,M,8,M,7,M,27,F,14,F,11,F,3-4-3,21,G,6,D,4,D,15,D,23,M,16,M,66,D,8,M,10,M,72,M,9,F
15270218,20200712,3-4-3,25,G,2,D,26,D,17,D,22,M,8,M,14,M,3,M,9,F,10,F,18,M,3-4-3,1,G,27,D,15,D,2,D,8,D,20,D,6,M,7,M,17,F,11,F,9,F
15270220,20200712,4-5-1,31,G,25,D,26,D,92,D,32,D,11,F,13,M,17,F,37,F,28,M,9,F,4-5-1,1,G,8,M,14,M,15,D,18,F,19,NaN,23,M,24,D,27,D,34,D,36,M
15273156,20200714,3-4-3,1,G,2,D,26,D,4,D,66,F,14,M,34,M,3,M,9,F,10,F,29,M,3-4-3,21,G,3,D,39,D,35,D,33,D,6,M,12,D,10,M,77,M,18,F,13,F
15273158,20200714,4-5-1,31,G,13,M,3,D,5,D,14,D,16,M,47,D,12,F,26,M,77,F,10,F,4-5-1,52,G,3,D,6,D,4,D,7,M,29,M,44,M,45,M,18,F,11,F,14,F
15273160,20200714,3-5-2,41,G,6,D,35,D,4,D,14,M,34,D,28,M,19,F,3,M,18,F,23,M,3-5-2,1,G,14,M,20,D,2,D,27,D,7,M,6,M,3,D,17,F,22,F,11,F
16138510,20200715,4-3-3,1,G,8,M,14,M,15,D,18,F,19,NaN,23,M,24,D,27,D,34,D,36,M,4-3-3,21,G,44,D,14,D,32,D,17,D,13,M,4,D,7,M,11,F,9,F,10,M
16138515,20200715,4-5-1,21,G,23,D,2,D,22,D,27,M,11,F,66,M,37,F,15,M,5,M,10,F,4-5-1,21,G,23,M,15,D,4,D,32,D,7,F,99,F,66,D,10,M,8,M,9,F
21327004,20200718,4-5-1,21,G,33,D,4,D,6,D,3,D,11,F,22,M,24,M,10,M,30,M,18,F,4-5-1,21,G,44,D,15,D,2,D,27,D,29,D,6,M,7,M,94,M,17,F,9,F
21327005,20200718,3-5-2,1,G,22,D,4,D,23,D,13,M,17,D,5,M,16,M,27,M,19,F,11,F,3-5-2,31,G,14,D,5,D,3,D,17,D,8,M,6,M,11,F,77,F,12,F,10,F
